3100 5025
1228 291 1292 356 269

199 478 243 543 Et
265 478 385 565 perche
408 481 435 543 si
456 478 586 545 haveva
604 482 707 546 inteso
723 479 766 545 da
781 503 919 548 vescovo
936 481 968 546 di
986 481 1087 567 Gurg,
1112 481 1172 547 che
1189 484 1220 550 S.
1234 483 1292 549 A¹⁵

2 624 4 641 .
92 605 158 648 non
180 593 301 669 potera
322 584 426 670 perh
453 583 553 649 debiti
581 584 688 668 veohi,
717 587 772 670 gia
801 588 927 672 exposti
957 587 1042 652 nella
1071 589 1175 675 prima
1205 591 1292 653 scrit-

92 697 175 771 tura,
199 709 372 753 concorrer
395 709 455 752 con
472 688 505 753 S.
518 689 566 752 Sl·
588 690 621 753 in
643 711 746 775 pagar
769 688 854 754 della
876 690 1024 776 guardia,
1048 691 1080 758 S.
1098 691 1146 758 Si·
1169 693 1196 756 si
1220 714 1292 757 oon·

92 801 182 856 tenta
212 791 246 856 di
278 814 368 857 esser
395 791 460 877 egli
481 792 503 856 il
524 795 629 878 primo
650 815 711 880 per
732 793 827 859 alcun
850 806 957 882 tempo
981 795 1015 860 di
1036 797 1198 863 mantenir
1220 819 1292 862 essa

2 932 4 945 =
91 897 231 982 guardia
245 897 407 984 sperando
423 896 484 962 che
501 897 608 984 doppo
623 898 657 965 S.
670 897 729 963 A²⁸
743 898 846 964 haver
862 910 997 986 experto
1020 899 1051 966 la
1075 900 1162 967 bona
1183 911 1291 968 mente

92 1001 124 1066 di
146 1001 182 1068 S.
198 1001 258 1089 δὴ
272 1002 377 1068 anche
400 1025 471 1068 esso
495 1025 586 1068 come
609 1002 716 1068 aelosc
739 1014 772 1068 et
793 1007 845 1091 pio
869 1007 1014 1092 principe
1036 1005 1171 1072 iarebbe
1194 1005 1292 1072 ilde

92 1105 162 1172 bito
183 1129 246 1193 per
267 1106 300 1172 la
322 1116 414 1194 parte
436 1130 506 1173 sua.

195 1213 241 1277 Et
262 1235 298 1277 se
320 1234 381 1298 per
401 1213 532 1278 sorteil
561 1222 766 1279 trattamento
789 1216 933 1300 scoprirs
956 1217 1080 1301 magior
1100 1217 1238 1302 iniquita
1260 1226 1292 1281 et

89 1316 306 1382 inobedienze
327 1326 361 1382 et
381 1317 458 1382 forsi
480 1339 638 1403 expressa
656 1317 842 1403 rebellione,
866 1329 975 1384 nostro
991 1322 1119 1405 signore
1134 1329 1291 1406 prometto

2 1482 4 1519 ς
89 1444 154 1486 non
184 1443 322 1486 mancat·
350 1443 412 1487 con
442 1421 548 1508 quello
577 1422 638 1487 che
668 1431 761 1508 potra
789 1446 849 1510 per
879 1446 938 1489 sua
964 1434 1057 1510 parte
1079 1427 1112 1490 in
1134 1427 1293 1510 reprimet

2 1520 4 1561 ³
89 1524 303 1590 l'insolenzia
324 1525 401 1590 delli
424 1525 630 1610 inobedienti,
654 1528 681 1590 si
704 1548 796 1592 corne
819 1530 874 1612 piu
897 1527 1124 1594 diffusamente
1146 1528 1189 1592 ha
1211 1528 1291 1594 fatto

2 1628 4 1655 ³
88 1631 259 1695 scrivere
279 1630 384 1694 Mons.
400 1630 508 1695 Revm
534 1632 642 1696 nontio
665 1630 834 1716 Sperando
863 1654 944 1718 pero
972 1641 1103 1718 apresto
1134 1631 1195 1698 che
1227 1634 1290 1697 mai

89 1736 116 1798 si
140 1733 332 1814 habbiada
355 1736 489 1799 venire
512 1745 624 1820 questo
646 1745 785 1800 estremo
801 1758 819 1800 o
835 1757 870 1800 se
886 1758 948 1821 pur
970 1757 1158 1802 occur-resse
1181 1759 1223 1800 un
1247 1735 1291 1801 tal

90 1861 176 1920 esso,
208 1839 272 1903 che
302 1861 365 1904 con
387 1838 406 1903 l'
419 1840 505 1904 ainto
528 1850 561 1904 et
582 1839 602 1904 l'
615 1842 798 1905 assistentia
821 1838 928 1924 degli
951 1841 1089 1927 principi
1111 1842 1236 1926 parenti
1260 1849 1292 1904 et

88 1944 190 2008 vicini
220 1945 248 2008 si
278 1941 400 2008 habbia
429 1943 460 2007 d'
478 1946 669 2030 extinguere
702 1944 747 2009 tal
780 1945 874 2010 lirooo
905 1965 967 2010 con
996 1967 1079 2030 pooa
1107 1943 1227 2010 fatioha
1258 1953 1292 2010 et

92 2067 200 2132 spese.

197 2150 268 2216 Con
290 2161 405 2237 questo
426 2175 504 2238 pero
528 2151 589 2216 che
610 2153 716 2238 prima
734 2154 761 2216 si
776 2151 898 2217 habbia
913 2152 943 2216 al
960 2162 1106 2218 extremo
1121 2153 1176 2237 gia
1191 2151 1288 2236 detto,

89 2256 247 2320 silaceis
268 2278 312 2320 un
336 2255 488 2342 consiglio
511 2257 553 2321 de
581 2258 726 2342 prenoipi
755 2258 881 2342 parenti
911 2265 943 2322 et
972 2258 1080 2341 vicini,
1110 2257 1131 2322 li
1161 2256 1248 2342 quali
1270 2278 1290 2320 o

89 2360 375 2446 presentialmente
405 2383 484 2426 over
512 2383 572 2447 per
599 2360 648 2425 lor
677 2360 769 2426 iidati
799 2360 896 2426 zelosi
926 2371 959 2426 et
988 2363 1107 2426 sinceri
1141 2359 1290 2426 catholici

88 2486 242 2550 vergono
266 2463 299 2529 di
320 2466 427 2531 aiutar
448 2475 481 2531 et
502 2466 634 2531 assistet
655 2467 687 2530 in
710 2465 755 2531 tal
785 2487 980 2531 occorrenza
1002 2489 1022 2531 a
1044 2466 1077 2533 S.
1093 2465 1151 2531 A²²
1174 2475 1206 2531 et
1228 2464 1289 2531 che

85 2570 121 2633 in
151 2570 203 2633 cio
226 2568 260 2634 S.
275 2574 334 2634 A‘*
355 2592 414 2634 usa
444 2572 520 2656 ogni
550 2569 711 2655 diligenza
736 2572 807 2634 acio
829 2569 931 2636 hebbi
954 2573 1058 2656 questi
1080 2571 1218 2657 principi
1240 2592 1288 2635 as·

88 2676 224 2738 sistenti.
257 2672 380 2754 Questo
394 2676 421 2738 si
443 2674 486 2739 ha
507 2672 616 2739 voluto
638 2673 878 2739 distintamente
901 2673 1078 2760 explicare,
1101 2676 1170 2741 acio
1185 2674 1218 2741 S.
1231 2674 1289 2739 A¹¹⁵

88 2777 189 2843 veddi
213 2776 236 2841 il
258 2778 353 2843 modo
375 2778 436 2844 ehe
459 2785 485 2843 si
508 2779 552 2843 ha
572 2788 693 2857 tenum
716 2779 737 2843 il
760 2779 836 2865 qual
852 2802 887 2843 se
904 2779 1056 2845 desidera
1070 2779 1289 2864 bonamente,¹

89 2904 183 2947 come
206 2904 225 2947 e
247 2892 343 2947 statto
372 2882 505 2968 guidoto
534 2883 578 2948 du
607 2885 735 2948 sincera
763 2883 914 2949 uffetiono
945 2886 1010 2948 cosi
1041 2886 1089 2949 sia
1119 2884 1225 2950 ancho
1256 2885 1289 2949 di

91 2985 315 3051 sodisiattione
338 2986 372 3050 di
394 2986 426 3052 S.
443 2986 568 3051 Altera.

668 3126 864 3192 christoforo
887 3147 1026 3191 vescovo
1049 3125 1082 3191 di
1106 3126 1243 3217 (largo.¹

129 3366 141 3389 ¹
159 3356 324 3406 ferramento
342 3354 371 3404 in
390 3370 437 3406 ms.

128 3442 138 3473 ¹
156 3442 209 3493 Am
227 3441 391 3507 Uanchlcpe:
407 3442 449 3491 La
460 3439 591 3492 relatione
603 3440 630 3489 di
643 3441 797 3506 monsignor
812 3456 927 3491 vescovo
945 3440 973 3489 di
986 3440 1086 3506 (iurgg.
1105 3440 1156 3490 Adi
1168 3442 1209 3490 20.
1219 3439 1286 3506 Julij

160 3530 226 3579 1581
247 3528 301 3579 hab
319 3528 366 3577 der
384 3527 414 3579 Ρ.
427 3528 463 3577 Ι)ι
480 3528 525 3577 ich
542 3528 599 3577 dise
618 3527 732 3578 relation
750 3528 849 3593 gethon
869 3526 923 3577 und
942 3526 1103 3593 ltlrgelesen.
1136 3527 1241 3578 Durani
1256 3544 1288 3593 sy

157 3617 204 3666 1m
225 3616 262 3665 Ht
285 3616 416 3665 erbietton
439 3631 472 3664 au
493 3614 678 3681 gohorsamem
700 3615 773 3664 danis
798 3615 993 3680 angenumben‚
1022 3616 1070 3664 mit
1092 3614 1207 3664 condem
1230 3630 1288 3665 ver·

157 3702 277 3764 melden,
299 3702 358 3752 dass
376 3718 407 3766 sy
425 3702 492 3753 alles
510 3702 593 3752 thuen
614 3700 720 3762 wbllen‚
744 3716 798 3751 was
817 3703 855 3751 iro
874 3700 1039 3751 menschlioh
1057 3700 1184 3766 mttglich,
1203 3702 1287 3752 allain

158 3790 231 3840 weill
254 3789 302 3839 das
320 3788 451 3839 'Pirolisch
474 3789 529 3839 und
547 3789 668 3838 Bairisch
692 3787 822 3839 erfordert
843 3788 1052 3854 guetbednnlren
1077 3788 1146 3838 noch
1170 3790 1211 3839 nit
1232 3790 1288 3837 ein·

157 3877 287 3937 humber,
311 3874 372 3925 dass
394 3891 424 3940 sy
447 3876 587 3926 desselben
610 3875 668 3925 also
692 3879 825 3925 erwarton
850 3875 904 3925 und
927 3874 996 3924 nach
1018 3874 1193 3941 gelegenheit
1214 3876 1288 3925 eines

156 3964 213 4014 und
232 3964 279 4012 des
297 3963 398 4012 andern
416 3962 473 4012 sich
491 3963 563 4012 daun
580 3963 610 4011 in
628 3962 726 4012 sochen
745 3960 814 4012 aller
826 3963 911 4027 gebilr
922 3961 990 4012 nach
1004 3978 1032 4011 so
1045 3959 1107 4011 vvoll
1121 3963 1170 4010 mit
1182 3960 1287 4011 hieher-

158 4050 301 4114 berieiung
313 4050 468 4115 ertabenog
479 4049 643 4100 Fordinandi
656 4048 719 4099 oder
731 4048 780 4099 des
793 4064 845 4099 von
858 4049 940 4099 Bsirn
952 4062 1048 4113 person
1066 4048 1130 4097 oder
1147 4047 1288 4098 desselben

158 4136 342 4189 catholiscbon
365 4140 418 4186 rstt
439 4136 479 4187 als
501 4137 530 4186 in
552 4134 654 4186 andern
676 4150 753 4201 weeg
776 4134 926 4186 dermsssen
950 4134 1019 4184 aller
1040 4134 1126 4200 gebilr
1143 4135 1212 4185 nach
1231 4140 1287 4185 ent·

157 4225 313 4285 sebiieesen‚
336 4222 418 4273 darob
440 4238 504 4273 man
525 4222 733 4274 verhoffentlich
757 4222 880 4271 zuiriden
903 4223 961 4273 sein
984 4221 1043 4273 soll.
1075 4222 1169 4272 Dieser
1190 4220 1287 4272 Zusata

157 4313 234 4361 rithrt
251 4308 452 4360 unavveiielhaft
470 4326 523 4359 von
541 4309 684 4375 Christoph
704 4326 729 4357 v.
743 4308 852 4374 Spaur’s
869 4310 979 4374 eigener
991 4309 1072 4359 Hand
1090 4310 1145 4359 her.
1170 4309 1222 4359 Die
1234 4308 1286 4357 Re·

158 4398 245 4448 lation
262 4397 347 4447 selbot
362 4398 399 4446 ist
415 4413 467 4448 vou
485 4396 599 4447 anderer
611 4396 691 4447 Hand
710 4396 894 4462 geschrleben.
922 4395 1085 4461 Angeheltet
1101 4398 1137 4445 ist
1153 4396 1222 4445 noob
1241 4396 1286 4444 eiu

156 4484 257 4535 Zettel:
287 4485 366 4548 Item,
384 4488 414 4532 ut
430 4485 573 4549 episcopus
591 4486 650 4546 (sic)
668 4482 879 4548 Salisbnrgensis
897 4483 998 4534 adimat
1015 4481 1224 4547 provincialibus
1242 4480 1286 4530 die

158 4572 238 4621 aehnt
250 4573 296 4635 (t),
315 4571 379 4635 quia
398 4571 447 4620 boo
466 4570 526 4620 illos
544 4569 624 4621 valdo
635 4570 796 4620 debilitabit
815 4569 863 4619 Am
878 4569 970 4621 uanae
987 4576 1077 4619 omen:
1096 4571 1120 4620 8.
1132 4568 1190 4619 Juli
1211 4569 1286 4617 1581.
