3100 5025
244 309 287 371 52

242 499 284 564 dc
314 500 527 587 propositione
557 499 724 586 principali
754 510 915 586 ageretur.
961 501 1070 580 Quare
1106 501 1200 566 Sertls
1227 501 1259 566 S.
1291 501 1431 566 animad-

242 613 372 668 vertens
402 625 513 669 eorum
543 607 776 670 contumaciam
807 607 840 668 in
872 603 939 669 dies
969 607 1080 689 augeri
1113 603 1238 690 sibique
1268 615 1430 692 tamquam

241 710 377 795 principi
400 709 611 796 provinciali¹
633 708 667 774 id
690 710 822 775 minime
844 709 1014 775 ferendum
1037 711 1224 775 existimans
1255 713 1346 774 iussit
1377 731 1432 774 eos

242 812 452 899 personaliter
475 815 506 878 in
530 824 635 879 castro
650 837 758 879 coram
774 837 809 879 se
826 837 1012 901 comparere
1029 814 1136 900 ibique
1153 813 1238 879 hunc
1254 816 1285 879 in
1301 812 1433 880 modum

242 939 301 1004 per
324 917 552 983 cancellarium
567 918 683 984 suum2
705 921 743 984 iis
759 921 878 1005 exponi
894 921 996 1002 iussit,
1020 918 1123 986 Sarra
1139 918 1172 985 S.
1189 941 1353 1005 nunquam
1368 917 1432 984 tale

243 1024 414 1108 quicquam
446 1046 465 1085 a
495 1024 560 1087 suis
591 1033 793 1108 expectasse,
825 1046 897 1088 cum
929 1023 1009 1088 baec
1039 1045 1092 1088 res
1115 1022 1237 1088 directe
1260 1025 1299 1088 sit
1322 1033 1433 1090 contra

242 1125 430 1192 fidelitatem
453 1126 495 1191 ab
519 1129 597 1212 ipsis
620 1126 763 1193 debitam
784 1137 816 1193 et
831 1136 942 1192 contra
959 1127 1076 1192 bonum
1092 1127 1267 1214 publicum,
1291 1131 1432 1192 maxime

243 1252 316 1295 cum
338 1240 510 1316 praetensa
532 1233 724 1317 gravamina
746 1253 804 1316 pro
827 1233 938 1296 maiori
968 1242 1059 1317 parto
1091 1243 1198 1296 essent
1227 1232 1433 1317 particularia

243 1345 275 1399 ct
307 1337 442 1421 privata.
490 1336 702 1422 Respicerent
736 1335 920 1421 exemplum
955 1334 1198 1400 Austriaeorum
1233 1335 1433 1401 subditorum

186 1442 188 1445 ’
243 1439 279 1504 Ο.
303 1437 378 1521 Mffi,
410 1440 463 1526 qui
495 1441 554 1504 etsi
580 1440 652 1524 plus
676 1462 793 1504 causae
816 1439 957 1524 allegare
981 1442 1157 1526 potuissent
1179 1439 1220 1504 ob
1244 1443 1434 1506 eiectionem

243 1543 378 1630 Opilii
402 1566 445 1610 ex
473 1546 602 1608 civitate
624 1544 782 1626 Viennae,
813 1545 845 1608 iu
876 1544 1084 1630 sequentibus
1114 1547 1246 1610 comitiis
1277 1548 1346 1609 sine
1367 1544 1434 1610 ulla

243 1648 428 1714 confusione
460 1647 593 1713 aliorum
624 1651 831 1734 negociorum
861 1659 893 1714 et
915 1651 1159 1714 comminatione
1186 1652 1240 1733 ita,
1263 1651 1309 1714 uti
1331 1649 1434 1716 bonos

243 1753 387 1819 subditos
421 1753 526 1837 decet,
560 1751 704 1818 subsidia
736 1752 896 1839 postulata
928 1755 1164 1841 praestiterunt.
1215 1755 1296 1820 Rem
1330 1757 1433 1840 ipsam

242 1856 379 1944 prodere
413 1860 555 1943 ipsorum
584 1857 793 1943 iniquitatem,
828 1868 936 1942 utputo
966 1861 1020 1944 qui
1052 1856 1235 1924 diffidentes
1270 1879 1305 1924 se
1340 1880 1434 1945 posse

242 1951 362 2051 aliquid
393 1963 523 2029 efficere
554 1960 760 2048 procedendo
793 1961 914 2026 directo
945 1962 1091 2048 obliquas
1114 1972 1147 2028 ct
1168 1961 1342 2028 indirectas
1363 1966 1431 2028 vias

242 2078 412 2134 tentarent.
459 2067 524 2148 Qui
557 2066 671 2132 modus
705 2064 823 2151 agendi
855 2068 982 2132 omnino
1013 2066 1141 2131 tolerari
1171 2077 1321 2154 nequeat,
1359 2089 1433 2132 oum

244 2196 283 2239 ea
312 2176 434 2239 ratione
464 2171 709 2258 imperatoribus
740 2181 771 2235 ot
802 2170 934 2256 regibus
967 2194 1103 2237 coronae
1126 2182 1158 2237 et
1180 2182 1307 2258 sceptra
1330 2183 1434 2237 extor-

244 2279 334 2364 queri
362 2285 502 2363 possent,
533 2275 637 2342 Ser‘⁰'¹¹
659 2276 692 2340 S.
716 2297 780 2339 non
811 2285 958 2361 spectare
982 2278 1014 2341 in
1038 2275 1098 2341 hac
1122 2276 1208 2342 dieta
1231 2276 1435 2342 commodum

242 2384 405 2467 privatum
427 2379 485 2446 sed
508 2378 675 2466 publicum
698 2382 922 2446 universorum
943 2379 1095 2446 videlicet
1115 2380 1312 2466 praesidium
1334 2391 1366 2447 et
1388 2405 1435 2448 se-

244 2488 412 2552 curitatem
434 2487 567 2573 patriae.
601 2485 640 2551 In
663 2507 789 2551 summa
812 2486 940 2567 scirent,
965 2487 1024 2551 etsi
1047 2485 1139 2551 Ser*
1157 2487 1189 2553 S.
1211 2485 1264 2551 diu
1288 2485 1435 2552 multum·

245 2613 308 2677 que
339 2588 588 2655 dissimulaverit
611 2599 643 2654 et
664 2592 823 2677 patienter
846 2590 961 2673 tulerit,
992 2600 1101 2657 tamen
1123 2613 1186 2655 non
1210 2613 1379 2677 passuram
1402 2594 1436 2655 in

244 2706 407 2782 posterum
436 2693 592 2760 eiusmodi
625 2697 860 2760 contumaciam
890 2706 922 2759 et
950 2704 1096 2780 apertam
1130 2694 1339 2761 rebellionem
1374 2717 1435 2759 nac

244 2799 429 2865 defuturum
447 2798 523 2883 (ric)
537 2797 644 2863 media
658 2798 701 2864 ad
717 2796 933 2865 coercendum
948 2798 1095 2863 rebelles.
1126 2800 1246 2865 Iterum
1259 2798 1430 2881 monendo,

244 2914 280 2969 ut
308 2913 432 2969 mature
462 2904 688 2990 resipiscerent
718 2913 750 2968 et
782 2902 961 2967 secundum
991 2902 1132 2969 officium
1159 2925 1269 2969 eorum
1291 2905 1433 2989 proposi·

244 3011 364 3075 tionem
385 3007 595 3095 principalem
616 3007 882 3094 aggrederentur.
914 3006 968 3073 Ad
988 3006 1069 3072 haec
1089 3008 1230 3073 necdum
1245 3028 1436 3094 responsum

244 3123 323 3196 erat,
346 3113 405 3179 aad
428 3112 662 3200 expectabatur
683 3113 717 3177 iu
739 3111 808 3177 dies
832 3134 943 3178 eorum
965 3110 1147 3177 resolutio.³

348 3254 389 3317 lu
422 3253 533 3318 dorso:
582 3252 715 3318 Summa
744 3262 890 3318 actorum
924 3253 1029 3318 dietae
1060 3250 1175 3317 Stiriae
1210 3250 1262 3317 die
1297 3250 1349 3315 24.
1381 3250 1437 3315 Ja-

244 3359 466 3426 nuarii1580.

289 3550 300 3582 ¹
317 3552 375 3601 Ihm
394 3553 434 3603 ala
452 3552 669 3604 Laudesfflrsten.

290 3636 302 3667 ¹
320 3638 465 3705 wolfgang
482 3640 609 3691 Schruns.

289 3722 300 3755 ⁸
318 3726 369 3776 Die
386 3727 404 3776 l.
423 3726 441 3776 f.
461 3727 628 3792 Proponitiou
647 3724 737 3775 warde
753 3741 799 3775 am
819 3726 858 3776 11.
877 3724 981 3775 Jauuar
999 3724 1128 3775 verlesen.
1161 3724 1324 3775 Intoreesunt
1341 3725 1376 3774 ist
1394 3724 1439 3775 dio

315 3813 486 3878 Einleituug:
517 3814 572 3863 Der
582 3813 734 3878 Erahersug
749 3814 822 3863 hiitta
836 3826 901 3878 garn
914 3812 1038 3879 genehen,
1049 3826 1126 3863 wenn
1141 3812 1192 3873 ,die
1202 3812 1297 3877 fertige
1306 3810 1342 3877 (d.
1356 3811 1381 3860 h.
1395 3810 1439 3861 die

314 3898 504 3965 vorigjilhrige)
523 3900 836 3966 Landtagsbewilligung
858 3900 908 3950 aui
927 3899 1056 3961 mcbrere,
1079 3899 1119 3948 als
1143 3901 1192 3949 wie
1216 3898 1366 3949 beschchau
1386 3914 1438 3947 nur

316 3985 365 4035 aul
394 3986 439 4035 aiu
470 3986 519 4047 iar,
551 3986 779 4053 begertarrnuesen
811 3986 943 4053 garichtet
976 3986 1030 4036 und
1063 3986 1133 4036 diaes
1164 3985 1350 4036 sonderlicheu
1380 3984 1439 4035 dar-

315 4073 423 4135 umbsn,
444 4072 529 4123 damit
550 4089 612 4124 man
634 4072 755 4138 solbigan
779 4072 848 4123 iahls
866 4073 912 4122 des
931 4072 1017 4123 ortem
1037 4070 1253 4138 landtnghalteua
1270 4071 1345 4122 desto
1363 4073 1441 4122 mehr

316 4160 448 4211 tiberhebt
464 4162 522 4212 scin
540 4160 595 4211 und
613 4160 740 4211 darumm
758 4158 947 4222 stirnemblich,
964 4160 1014 4223 ihr,
1033 4159 1065 4209 Ε.
1079 4159 1110 4209 Ε.
1126 4160 1157 4209 L.
1175 4158 1254 4221 salte,
1272 4159 1438 4209 remehonen

316 4249 430 4313 mitgeu‘.
465 4247 503 4298 Er
526 4248 647 4313 verlangt
668 4247 738 4298 auch
765 4263 808 4308 ‚zu
834 4246 979 4313 gedacbter
1005 4247 1064 4313 glor
1090 4246 1267 4312 abuendung,
1295 4245 1364 4297 auch
1392 4244 1440 4295 der

316 4334 490 4386 Windiachan
507 4338 646 4402 granitzan
665 4334 721 4385 und
739 4335 809 4385 dines
828 4334 916 4386 landts
934 4334 1133 4401 versioharung‚
1153 4350 1192 4385 wo
1212 4335 1252 4383 nit
1269 4333 1348 4393 drour,
1371 4331 1439 4382 doch

317 4438 375 4471 uum
404 4423 557 4488 wonigisten
586 4438 662 4487 away
687 4422 731 4487 jar
758 4422 870 4471 hinumb
893 4422 1059 4471 274.102fl.‘
1080 4460 1085 4470 .
1106 4460 1136 4470 ..
1174 4420 1226 4470 Dio
1248 4420 1368 4471 Autwort
1391 4420 1439 4469 dor

315 4509 480 4560 Landachaft
496 4510 545 4561 aul
561 4510 606 4559 die
617 4510 785 4575 Proposition
804 4509 867 4559 liesa
884 4509 925 4558 bis
944 4524 1004 4558 num
1020 4512 1042 4558 1.
1053 4510 1173 4559 Februar
1191 4508 1240 4559 aul
1255 4506 1311 4556 sich
1330 4512 1440 4555 irartan.

318 4597 350 4649 L.
368 4598 413 4661 11,
437 4598 486 4649 Bd.
504 4599 546 4657 33,
568 4596 615 4648 fol.
633 4599 674 4646 28.
711 4597 767 4645 Der
789 4596 1029 4661 Landtagssehluss
1055 4610 1110 4645 war
1136 4602 1190 4644 arat
1212 4594 1289 4645 Euda
1311 4592 1440 4645 Februar.
