3100 5025
235 297 256 361 8

236 490 402 555 laedentes
424 500 481 554 aut
495 489 652 554 violantes
668 502 723 554 aut
738 489 952 576 impedientes
968 490 1241 576 archiepiscopos,
1267 493 1435 576 episcopos

237 593 378 679 aliosque
402 596 583 679 superiores
606 593 659 658 vel
681 595 848 659 inferiores
871 594 1041 679 praelatos,
1065 595 1237 679 quominus
1261 617 1320 660 sua
1341 598 1433 661 iuris-

236 697 376 763 dictione
399 697 619 762 ecelesiastioa
641 707 754 762 contra
775 720 985 786 quoscunque
1009 709 1140 764 utantur
1161 711 1194 764 et
1216 709 1329 766 contra
1344 722 1434 764 usur-

236 813 351 888 pantes
382 801 618 868 iurisdictiones
648 802 691 867 ad
714 825 925 890 quascunque
947 825 1103 890 personas
1127 804 1362 870 ecclesiasticas
1383 829 1434 870 ra·

236 910 322 973 tione
352 907 562 973 ecclesiarum
592 910 789 994 pertinentes
821 918 853 972 et
883 911 928 972 eis
960 897 1249 994 quomodocunque
1277 909 1434 974 auxilium

237 1012 290 1078 vel
321 1012 466 1077 favorem
494 1023 710 1098 praestantem
741 1021 852 1076 contra
875 1034 957 1097 quae
980 1014 1088 1077 omnia
1111 1012 1330 1098 supradictam
1354 1036 1428 1080 con·

237 1119 416 1182 cessionem
437 1116 573 1182 tendere
594 1119 715 1182 nemini
746 1117 918 1181 obscurum
950 1127 1007 1181 est.
1055 1116 1165 1196 Quid?
1210 1117 1325 1184 Nonne
1356 1141 1429 1183 eam

237 1243 366 1307 quoque
396 1222 595 1306 apertissime
626 1220 764 1286 eandem
791 1219 833 1284 ob
861 1239 993 1284 causam
1015 1222 1150 1285 incurrit
1172 1226 1431 1288 excommunica

237 1328 365 1411 tionem,
390 1348 473 1411 quae
496 1328 528 1389 in
553 1325 641 1390 bulla
663 1323 770 1389 Coeno
793 1323 929 1388 Domini
950 1326 1053 1411 primo
1076 1325 1146 1391 loco
1170 1330 1297 1412 ponitur
1320 1339 1433 1392 contra

237 1452 348 1495 omncs
371 1441 404 1494 et
430 1431 570 1517 singulos
600 1430 789 1513 haereticos,
822 1452 932 1495 eorum
959 1427 1131 1495 eredentes
1153 1432 1361 1517 ipsorumque
1384 1453 1433 1497 rc-

238 1546 418 1622 ceptatores
448 1546 481 1600 et
509 1537 650 1601 fautores
681 1546 713 1601 ct
742 1534 937 1621 generaliter
963 1534 1124 1620 quoslibet
1145 1534 1355 1602 defensores?
1400 1537 1433 1602 A

237 1643 355 1729 quibus
383 1645 750 1707 excommunicationum
781 1640 918 1705 vinculis
945 1639 1031 1705 nullo
1054 1652 1148 1726 paeto
1171 1642 1296 1707 absolvi
1317 1653 1432 1727 potest,

238 1750 298 1812 nisi
329 1769 446 1811 causae
477 1747 675 1831 satisfecerit,
707 1745 928 1832 saepedictam
952 1749 1193 1811 concessionem
1216 1747 1432 1812 rescindendo

238 1861 270 1916 et
292 1851 490 1937 abrogando.

341 1957 395 2022 Ad
412 1956 493 2022 haec
508 1978 679 2042 ponamus:
703 1955 790 2020 nulla
805 1955 1021 2020 intercederet
1037 1960 1335 2040 excommunicatio,
1359 1982 1439 2028 eon·.

238 2064 405 2127 scientiam
435 2073 544 2126 tamen
575 2083 667 2126 suam
696 2063 730 2125 in
759 2060 902 2124 medium
932 2070 1036 2144 vocet,
1068 2083 1139 2125 cam
1169 2064 1367 2148 introspiciat
1401 2073 1434 2128 et

238 2165 338 2230 alcius
368 2189 436 2230 rem
467 2164 658 2251 perpendat,
690 2164 862 2229 multarum
893 2166 1072 2229 animarum
1106 2167 1268 2230 interitum
1303 2170 1432 2253 cogitet,

239 2292 296 2354 pro
320 2271 436 2355 quibus
459 2282 609 2334 aeternus
632 2268 695 2333 Dei
717 2268 801 2332 filius
825 2270 1015 2351 sanguinem
1038 2289 1131 2332 suum
1152 2272 1317 2355 vitamque
1344 2293 1432 2335 acer-

238 2373 367 2438 bissimo
391 2373 547 2459 supplicio
569 2373 719 2458 profudit,
742 2371 900 2436 ecclesiae
923 2371 1099 2437 catholicae
1120 2376 1277 2439 iacturam
1301 2385 1332 2439 et
1354 2375 1432 2439 fidei

239 2478 465 2564 religionisque
498 2478 604 2544 multis
637 2481 670 2543 in
702 2477 779 2543 locis
814 2478 1013 2543 eversionem
1048 2476 1236 2543 consideret.
1285 2479 1432 2559 Quorum

239 2582 394 2647 malorum
425 2586 566 2648 omnium
596 2586 656 2668 ipsi
678 2584 837 2667 inprime
860 2580 1030 2646 reddenda
1053 2584 1133 2646 ratio
1156 2585 1225 2665 erit,
1249 2586 1275 2647 si
1299 2584 1431 2669 quidem

239 2686 441 2751 connivendo
471 2688 568 2751 immo
599 2685 808 2750 concedendo
837 2706 967 2752 oausam
995 2686 1139 2771 praebet.
1184 2687 1311 2751 Memor
1333 2690 1432 2752 ctiam

239 2793 280 2854 sit
302 2790 411 2854 Deum
439 2790 477 2856 Ο.
500 2790 544 2854 Μ.
569 2790 654 2853 hune
687 2812 829 2855 errorem
860 2792 1062 2854 severissime
1091 2788 1342 2875 vindicaturum,
1371 2794 1432 2855 nisi

240 2893 438 2960 emendetur.
479 2895 615 2979 Semper
638 2896 722 2958 enim
744 2896 933 2977 gravissime
956 2892 1040 2957 ultus
1064 2904 1112 2957 est
1134 2894 1299 2958 hominum
1321 2897 1431 2980 impie-

238 3009 347 3081 tatem,
371 3022 391 3063 a
413 3022 492 3063 vera
512 2998 666 3081 religione
681 2998 723 3061 ad
739 2997 853 3061 falsam
869 2995 1111 3060 desciscentium
1129 3018 1190 3061 uec
1205 2998 1299 3061 modo
1315 2998 1433 3063 multas

239 3105 386 3167 civitates
409 3104 466 3167 sed
491 3104 585 3167 ctiam
607 3105 732 3186 integra
748 3122 849 3184 regna
864 3098 1015 3185 perdidit,
1029 3102 1190 3169 ,naciones
1205 3104 1302 3187 ipsas,
1326 3125 1431 3187 reges,

237 3212 401 3294 principes
436 3219 468 3271 et
501 3209 707 3291 magistratus
739 3204 927 3269 durissimae
957 3204 1094 3270 hostium
1125 3226 1254 3271 suorum
1285 3210 1432 3273 servituti

239 3312 385 3395 subiecit,
416 3312 533 3376 afflixit
565 3334 604 3375 ac
636 3311 762 3375 delevit.
809 3308 911 3373 Plena
942 3308 1162 3394 exemplorum
1190 3323 1264 3376 sunt
1290 3322 1356 3376 tam
1379 3335 1432 3377 vo-

238 3428 323 3481 tusta
345 3438 443 3502 quam
467 3418 610 3481 recentia
632 3426 778 3499 tempora
801 3422 925 3493 nostra3
957 3412 1136 3477 verendum
1159 3424 1266 3480 autem
1290 3426 1347 3498 est,
1371 3418 1432 3480 nisi

238 3532 418 3606 opportune
448 3544 487 3584 ac
517 3529 642 3583 mature
672 3520 894 3602 prospiciatur,
924 3527 958 3581 ut
989 3515 1119 3581 tandem
1149 3518 1221 3582 illae
1244 3521 1433 3604 provinciae

238 3625 280 3689 ad
304 3646 427 3687 merum
451 3625 675 3708 paganismum
698 3621 880 3685 deveniant.
928 3619 1024 3701 Quod
1047 3621 1137 3685 Deus
1161 3620 1201 3686 Ο.
1222 3622 1267 3687 Μ.
1290 3644 1350 3707 pro
1373 3646 1434 3689 sua

238 3732 272 3793 in
295 3750 353 3792 nos
375 3728 546 3791 clementia
568 3726 752 3808 longissime
774 3736 910 3790 avertat.

343 3830 408 3895 Sed
432 3830 602 3894 excusabit
625 3851 660 3892 se
683 3828 791 3893 Ser¹⁰¹¹⁸
812 3828 982 3911 archidux,
1014 3827 1100 3914 quod
1126 3850 1190 3892 non
1218 3832 1263 3893 ita
1285 3833 1432 3915 senserit,

238 3947 274 4001 ut
304 3934 516 4021 provinciales
548 3935 666 4017 scripto
689 3931 905 4016 publicarunt,
936 3932 1032 3996 veluti
1057 3935 1203 4019 superius
1228 3934 1432 4000 dictumest.

238 4039 383 4105 Admitto
406 4037 619 4123 provinciales
641 4036 734 4100 aliter
756 4058 828 4099 csse
852 4037 1075 4121 interpretatos
1099 4046 1131 4100 et
1146 4036 1317 4123 evulgasse
1334 4062 1433 4124 quam

307 4230 412 4281 lischen
438 4229 492 4278 und
521 4228 603 4279 deren
630 4228 868 4294 Bundesgeuossen
897 4228 1035 4278 ausdshnt.
1076 4229 1102 4277 S.
1126 4228 1292 4289 Nsudeelrsr,
1316 4228 1432 4296 Allgom.

307 4316 430 4367 Lexilron
448 4316 495 4365 der
512 4314 660 4381 Religions-
679 4314 733 4364 und
752 4313 958 4380 Kirchsngesch.
977 4314 1027 4374 111,
1045 4314 1104 4362 212.
1138 4314 1183 4365 sio
1206 4314 1296 4365 worda
1320 4317 1385 4367 aber
1403 4319 1432 4367 in

307 4403 420 4454 nudarer
448 4403 527 4452 Form
555 4402 623 4452 auch
650 4400 733 4451 achon
760 4400 852 4451 frtthsr
878 4416 920 4449 arn
944 4398 1197 4466 Grtludonnsrstags
1224 4401 1345 4451 loierlich
1373 4418 1433 4453 ver·

306 4490 428 4556 kundigr,
455 4506 475 4539 s.
499 4490 588 4540 meino
615 4489 748 4553 ‚Beitrfige
771 4504 819 4537 zur
842 4487 937 4537 Gesoh.
959 4485 1006 4535 der
1028 4486 1193 4537 husitischsu
1216 4488 1372 4556 Bewsgung
1390 4490 1433 4552 V‘,

307 4577 406 4629 Archiv
425 4577 468 4627 ltu·
486 4580 576 4626 osten.
591 4576 686 4629 Gesch.
700 4577 743 4638 82,
761 4576 873 4626 38-41.
