3100 5025
273 318 337 384 248

273 521 414 599 possent.
454 510 520 577 Sed
542 513 694 596 quoniam
721 522 845 577 certum
875 521 933 596 est,
964 513 992 576 si
1014 511 1046 578 S.
1064 511 1158 578 sere·
1187 511 1272 577 hanc
1301 512 1356 577 vel
1383 511 1472 576 illam

273 618 473 702 provinciam
485 638 524 680 ea
539 615 580 680 de
596 637 632 679 re
646 615 766 680 adoriri
781 615 887 700 vellet,
904 615 990 701 quod
1006 637 1070 682 nou
1087 616 1189 681 solum
1204 616 1344 703 reliquas
1360 639 1472 681 omnes

273 742 388 786 verum
418 721 515 784 etiam
544 721 666 784 vicinas
697 740 824 805 quoque
854 728 920 784 tam
947 741 1023 784 suas
1046 741 1144 806 quam
1165 719 1287 784 alienas
1310 741 1376 784 una
1399 742 1473 784 oum

274 823 426 888 militibus
448 825 482 888 in
504 822 650 887 confiniis
673 822 887 888 existentibus
909 822 1066 889 adversas
1089 823 1235 907 haberet,
1263 823 1351 890 unde
1375 823 1472 888 dubio

274 928 385 1013 procul
414 927 479 992 tale
508 926 694 992 incondium
723 929 929 1011 excitaretur,
960 926 1047 1013 quod
1069 937 1181 1013 postea
1203 949 1308 1013 neque
1331 926 1365 992 S.
1385 925 1473 994 Ser*it

274 1053 379 1117 neque
401 1031 536 1096 aliorum
557 1052 657 1117 opera
679 1030 847 1096 commodo
872 1033 1018 1118 extingui
1040 1039 1157 1118 posset,
1188 1029 1242 1096 vel
1264 1033 1291 1096 si
1312 1033 1473 1117 quispiam

275 1157 313 1200 eo
344 1156 409 1200 non
439 1135 587 1200 obstante
618 1138 686 1199 eius
710 1137 936 1200 exterminium
959 1157 1017 1200 seu
1039 1136 1299 1222 suppressionem
1322 1157 1472 1221 supremo

275 1249 393 1305 conatu
415 1241 543 1303 omnino
566 1247 690 1304 tentare
709 1238 818 1322 vellet,
840 1237 1011 1324 proclivius
1034 1261 1088 1304 eos
1111 1238 1154 1304 ad
1177 1248 1299 1305 tantam
1321 1238 1473 1325 despera·

274 1346 394 1409 tionem
416 1343 573 1428 adigeret,
597 1352 632 1408 ut
654 1344 737 1407 sicut
757 1345 823 1407 iam
844 1342 1008 1408 affirmare
1031 1365 1096 1408 non
1119 1342 1306 1408 erubuerint
1319 1345 1427 1428 magis
1441 1345 1473 1408 in

276 1447 440 1512 christiani
462 1449 563 1512 nostri
584 1449 720 1512 nominis
742 1445 929 1512 hereditarii
951 1446 1051 1512 hostis
1074 1448 1261 1512 servitutem
1283 1468 1323 1511 ao
1349 1457 1473 1532 proteo·

275 1553 395 1616 tionem
418 1560 530 1636 sponte
553 1572 623 1616 sese
648 1552 842 1631 conicerent,
866 1571 964 1636 quam
983 1549 1027 1615 ad
1042 1560 1174 1616 sanctae
1189 1552 1300 1616 matris
1315 1551 1474 1616 eeclesiae

274 1657 434 1741 gremium
456 1663 704 1720 reverterentur.
728 1653 808 1720 Ideo
831 1653 1010 1719 videndum
1032 1675 1071 1720 ao
1094 1675 1218 1720 summe
1240 1654 1332 1720 nobis
1357 1677 1473 1721 conan-

275 1761 354 1825 dum
370 1767 428 1844 est,
450 1768 487 1823 ut
501 1759 564 1824 tale
578 1761 748 1824 imminens
764 1760 895 1841 malum,
919 1758 1027 1844 quoad
1049 1761 1117 1824 eius
1139 1759 1210 1824 fieri
1232 1761 1358 1846 poterit,
1382 1781 1472 1845 prae

276 1873 440 1947 caveatur,
470 1885 512 1927 ne
543 1884 600 1948 spe
630 1863 725 1927 huius
754 1863 808 1927 vel
838 1863 921 1928 illius
945 1865 1055 1949 exigui
1077 1863 1159 1927 lueri
1180 1872 1246 1930 tota
1267 1871 1381 1928 nostra·
1402 1863 1473 1928 sub·

276 1971 391 2033 stantia
415 1989 498 2053 quae
521 1966 630 2031 adhuc
652 1969 870 2053 copiosissimo
893 1977 943 2033 cst
965 1967 1120 2053 depereat
1142 1989 1181 2032 ao
1203 1966 1431 2052 pessundetur.

381 2070 445 2151 Qui
474 2070 590 2134 harum
619 2073 859 2156 provinciarum
887 2073 980 2157 periti
1002 2091 1066 2136 non
1089 2079 1172 2154 sunt,
1203 2070 1314 2135 dicant
1334 2070 1474 2135 fortasse

274 2175 519 2262 provincialium
542 2196 604 2238 non
629 2195 700 2238 esse
721 2183 844 2240 tantam
867 2178 1042 2260 potentiam
1065 2184 1098 2240 et
1120 2197 1207 2260 opes,
1230 2183 1267 2238 ut
1287 2176 1317 2240 ei
1340 2176 1395 2260 qui
1419 2195 1474 2238 eos

275 2283 372 2346 armis
395 2301 603 2365 compescere
624 2277 722 2343 vellet
737 2279 793 2343 diu
808 2281 957 2344 resistere
973 2291 1113 2365 possent.
1137 2278 1264 2344 Deinde
1281 2279 1313 2346 S.
1326 2278 1474 2363 Sanora,

276 2386 356 2450 ΜΝΞι
380 2384 417 2450 Ο.
441 2393 474 2448 et
502 2383 581 2448 alios
611 2382 784 2448 catholicos
815 2385 975 2469 principes
998 2393 1064 2450 tam
1086 2385 1174 2468 piam
1196 2393 1228 2448 et
1249 2393 1395 2448 sanctam
1418 2405 1474 2447 ex-

275 2488 472 2575 peditionem
486 2510 546 2553 sua
567 2510 629 2572 ope
650 2486 826 2553 liberaliter
848 2496 881 2552 et
903 2491 1034 2574 egregie
1057 2487 1230 2571 adiuturos,
1254 2490 1298 2553 ita
1321 2509 1375 2551 eos
1399 2507 1474 2573 quo·

277 2615 340 2678 quc
371 2595 425 2677 qui
455 2590 564 2656 adhuc
594 2592 741 2656 catholici
771 2601 847 2657 sunt
869 2601 902 2657 et
923 2595 1065 2658 maxime
1087 2589 1320 2657 ecclesiasticos
1343 2593 1376 2657 S.
1394 2590 1475 2657 Serti

276 2720 341 2761 non
364 2695 540 2779 defuturos,
567 2698 699 2781 insuper
721 2706 754 2761 et
775 2697 885 2761 Deum
908 2696 948 2761 Ο.
964 2697 1009 2761 M.
1034 2718 1152 2761 causae
1174 2718 1252 2761 suae
1274 2705 1403 2781 praesto
1426 2696 1474 2760 fu·

276 2810 393 2865 turum.
432 2799 499 2865 Sed
520 2799 564 2864 ad
587 2823 626 2864 ea
649 2802 755 2865 omnia
778 2802 823 2865 ita
851 2800 996 2865 breviter
1025 2811 1057 2866 et
1086 2799 1315 2865 rationabiliter
1343 2822 1475 2886 respon-

278 2904 385 2969 detur:
410 2905 532 2989 Negari
546 2927 610 2969 non
626 2925 720 2989 posse
742 2904 858 2969 multos
881 2904 1094 2989 provinciales
1116 2926 1180 2969 non
1203 2903 1371 2969 abundare
1395 2904 1475 2969 divi·

278 3011 339 3091 tiis,
372 3008 430 3072 sed
460 3018 569 3072 tamen
599 3009 745 3093 ipsismet
775 3008 1013 3073 affirmantibus
1043 3007 1192 3073 omnibus
1220 3010 1253 3071 in
1285 3010 1476 3073 universum

278 3116 411 3179 tirmiter
434 3113 602 3177 decretum
624 3135 695 3177 esse
717 3115 827 3196 vitam,
851 3115 1040 3198 sanguinem
1057 3122 1089 3177 st
1104 3113 1210 3177 omnia
1224 3112 1371 3177 fortunae
1387 3111 1475 3177 bona

277 3221 381 3303 potius
404 3217 601 3302 profundere
624 3238 722 3302 quam
744 3240 765 3281 a
787 3217 942 3302 religione
965 3238 1023 3281 sua
1046 3216 1099 3281 vel
1124 3215 1224 3281 latum
1246 3236 1388 3301 unguem
1412 3216 1474 3280 dis·

278 3322 405 3405 cedere,
436 3321 524 3408 quod
553 3320 666 3406 procul
693 3319 793 3385 dubio
816 3330 882 3385 tam
904 3319 1010 3385 zelose
1032 3320 1148 3385 facturi
1171 3330 1287 3403 essent,
1318 3342 1417 3405 quam
1440 3321 1474 3385 id

277 3426 433 3491 hactenus
456 3428 487 3508 ii,
511 3427 566 3509 qui
587 3427 622 3489 in
637 3424 744 3490 Gallia
766 3434 799 3489 et
822 3425 998 3491 Germania
1021 3426 1204 3489 inferioris
1226 3423 1292 3489 fide
1315 3423 1475 3489 catholica

278 3530 503 3610 discesserant,
533 3526 695 3591 indefesse
722 3529 879 3593 fecerunt.
919 3527 1084 3607 Quantum
1108 3550 1184 3593 vero
1215 3549 1312 3613 opum
1340 3530 1411 3593 auri
1442 3539 1476 3593 ot

277 3634 413 3715 argenti,
444 3633 472 3695 si
500 3633 545 3695 ita
574 3652 651 3695 usus
682 3632 868 3716 postularet,
899 3633 1037 3697 conferri
1067 3641 1207 3718 possent,
1240 3631 1276 3697 id
1304 3632 1349 3696 illi
1378 3633 1474 3697 facile

279 3735 454 3800 diiudicare
476 3744 635 3821 poterunt,
667 3737 776 3820 quiin
799 3738 941 3818 ipsorum
971 3736 1119 3801 domibus
1141 3740 1261 3802 versati
1284 3748 1368 3820 sunt,
1397 3760 1474 3802 oum

278 3861 416 3923 magnus
439 3841 479 3902 sit
500 3860 611 3903 eorum
632 3860 796 3922 numeruS,
825 3842 879 3925 qui
902 3841 1114 3905 substantiam
1137 3863 1228 3905 suam
1250 3864 1308 3927 pro
1330 3843 1473 3925 triginta,

278 3944 521 4028 quinquaginta,
555 3946 736 4027 sexaginta,
771 3945 956 4027 octuaginta
989 3943 1077 4030 (alc),
1111 3947 1295 4029 nonaginta,
1331 3954 1472 4027 centum,

278 4046 460 4111 biscentum
482 4056 514 4110 et
535 4046 617 4111 forte
640 4056 819 4112 tercentum
839 4047 978 4115 millibus
994 4048 1188 4113 florenorum
1204 4071 1268 4114 non
1282 4046 1472 4115 venderent.

382 4151 434 4214 De
463 4150 632 4236 oppidanis
662 4173 720 4215 seu
750 4151 876 4217 civibus
906 4152 983 4216 illud
1017 4174 1144 4238 quoque
1174 4154 1327 4219 affirmari
1357 4162 1473 4237 potest,

278 4276 349 4317 esse
372 4253 501 4338 quidem
524 4277 676 4339 magnam
698 4256 788 4341 apud
811 4278 865 4321 eos
888 4265 1121 4342 paupertatem,
1144 4256 1204 4322 sed
1225 4265 1332 4321 tamen
1356 4257 1473 4323 multos

278 4357 448 4422 ditissimos
471 4368 504 4423 et
525 4358 594 4423 illos
616 4382 691 4425 cum
713 4359 874 4425 nobilibus
893 4359 971 4425 nihil
985 4382 1049 4425 non
1064 4371 1188 4427 tentare
1204 4380 1307 4447 posse,
1330 4364 1474 4425 maxime

278 4484 353 4525 cum
374 4461 484 4548 fruges
508 4485 629 4545 omnes,
660 4465 770 4527 vinum
794 4464 846 4527 vel
869 4462 1064 4529 frumentum
1087 4466 1119 4529 in
1143 4468 1255 4530 castris
1286 4473 1318 4529 et
1347 4464 1473 4550 oppidis

277 4564 420 4631 habeant
449 4577 481 4632 et
510 4569 643 4631 miseros
673 4567 796 4632 villicos
827 4567 970 4653 quolibet
999 4590 1084 4633 anno
1114 4591 1153 4631 ca
1175 4572 1207 4633 in
1230 4592 1265 4633 re
1288 4570 1332 4632 ite
1354 4570 1472 4633 misere
