3100 5025
261 328 325 395 588

263 520 362 602 Bate,
394 522 455 587 den
476 518 622 587 Jcsuitca
651 522 704 587 die
725 520 1023 604 Studtpfarrlcirclce
1051 521 1204 605 cudpiltiq
1225 543 1266 585 au
1288 522 1462 604 itherqcbea

260 627 329 689 aad
358 626 410 689 die
431 625 641 707 Pfurrkirclre
670 628 706 689 in
727 627 787 690 dus
808 624 1157 692 Domiaibaaerlrloster
1179 625 1397 709 Hciliqcnblut
1420 646 1462 689 su

529 730 680 812 verleqca.
715 730 778 793 Vor
800 731 871 795 dara
892 736 923 795 1.
939 731 1073 796 Jaauur
1094 736 1189 795 1586.

682 904 741 970 (n.-
753 906 800 954 u.
814 922 839 957 u.
853 905 1040 972 staura.)

366 1076 474 1142 Ser¹¹¹¹¹⁸
497 1075 657 1141 archidux
679 1076 832 1141 Austriae
856 1076 989 1143 Carolus
1014 1076 1119 1143 studio
1141 1078 1217 1143 boni
1240 1078 1361 1165 publici
1390 1104 1461 1167 pro

262 1182 415 1247 movendi
444 1192 476 1247 et
505 1181 667 1267 religionis
697 1180 928 1269 propagandae
960 1185 1048 1269 cupit
1070 1186 1194 1268 erigere
1217 1186 1462 1249 universitatem

262 1288 403 1352 omnium
418 1286 598 1350 liberalium
614 1285 791 1350 studiorum
807 1297 839 1350 et
853 1286 1042 1351 facultatum
1056 1290 1089 1352 in
1106 1290 1234 1353 civitate
1250 1310 1309 1352 sua
1326 1288 1461 1373 Gretaii,

262 1413 325 1476 quc
349 1402 397 1456 est
419 1398 516 1475 caput
531 1390 654 1473 Stiriac,
678 1392 863 1474 provinciae
880 1389 1024 1455 eiusdem
1041 1391 1130 1457 sert*
1146 1392 1178 1457 S.
1211 1390 1321 1471 Quare
1342 1393 1462 1480 suppli·

263 1504 315 1558 cat
337 1492 440 1576 SIV„
456 1504 491 1558 ut
511 1492 555 1557 ad
578 1492 639 1558 hoc
661 1502 728 1557 tam
750 1496 838 1579 pium
861 1496 1039 1559 institutum
1062 1518 1253 1560 consensum
1284 1506 1316 1560 et
1347 1498 1463 1562 coufir-

262 1602 434 1663 mationem
456 1597 664 1685 apostolicam
686 1599 933 1665 accommodare
956 1598 1041 1663 velit.

366 1721 510 1806 Exponit
526 1731 695 1806 praeterea
711 1720 743 1786 S.
757 1721 809 1806 V,
832 1720 919 1807 quod
935 1720 1152 1806 superloribus
1168 1724 1260 1786 annis
1277 1720 1324 1785 ad
1347 1725 1464 1787 extir-

262 1810 427 1910 pandum
455 1824 652 1905 baereses,
681 1847 778 1911 quae
806 1828 843 1888 iu
870 1826 1082 1910 provinciis
1105 1824 1182 1887 illis
1205 1827 1463 1911 irrepserunt,

262 1930 398 1994 instituit
420 1928 591 2014 collegium
613 1939 741 2013 patrum
764 1930 924 1993 societatis
940 1928 1025 2011 Iesu,
1049 1951 1123 1992 cum
1147 1929 1263 2014 quibus
1285 1939 1364 1993 tunc
1389 1951 1464 1993 con·

263 2035 362 2116 venit,
392 2043 428 2098 ut
449 2032 605 2120 templum
628 2032 768 2117 aliquod,
793 2034 825 2096 in
848 2054 911 2117 quo
935 2032 1055 2096 cultum
1079 2032 1223 2096 divinum
1246 2031 1464 2117 celebrarent,

263 2140 428 2225 proprium
457 2137 518 2203 illis
541 2126 781 2221 attribueretur,
813 2146 908 2223 prout
930 2138 962 2201 in
986 2135 1097 2200 litteris
1119 2135 1315 2201 fundationis
1339 2160 1358 2200 a
1382 2137 1463 2202 sede

262 2242 437 2328 apostolica
460 2243 655 2307 confirmatis
677 2241 771 2307 latius
795 2244 983 2305 continetur.

365 2364 449 2429 Cum
472 2374 580 2429 autem
602 2364 664 2428 hoc
679 2374 811 2450 propter
827 2365 932 2428 varias
956 2362 1045 2429 Ser‘is
1061 2362 1093 2429 S.
1110 2364 1341 2449 occupationes
1364 2386 1461 2449 prae·

261 2470 338 2534 stari
370 2491 432 2534 non
464 2469 610 2555 potuerit,
643 2470 746 2533 coacti
776 2468 907 2533 fuerunt
937 2468 1063 2532 interim
1093 2477 1201 2553 patres
1232 2468 1396 2533 societatis
1427 2471 1462 2534 in

261 2573 399 2639 ecclesia
421 2573 614 2659 parrochiali
637 2574 670 2640 S.
686 2571 794 2658 Egidii
818 2572 950 2658 collegio
982 2575 1132 2656 contigua
1162 2571 1281 2636 cultum
1312 2572 1463 2638 divinum

262 2676 438 2743 celebrare.

365 2796 431 2863 Sed
454 2801 530 2883 quia
551 2799 672 2864 ibidem
695 2802 791 2864 etiam
814 2798 1009 2885 parochialia
1037 2798 1143 2863 officia
1172 2811 1381 2883 exercentur,
1414 2801 1462 2882 fit,

261 2913 297 2967 ut
317 2925 436 2988 magna
457 2902 533 2968 inde
556 2904 700 2968 confusio
722 2925 822 2989 saepe
837 2904 966 2968 oriatur.
998 2902 1109 2982 Quare
1125 2912 1249 2967 matura
1265 2903 1463 2988 praehabita

261 3007 491 3072 deliberatione
522 3030 595 3071 cum
626 3008 755 3072 consilio
786 3009 895 3071 nuncii
926 3005 978 3072 δώ
1011 3006 1052 3071 V.
1084 3008 1225 3092 episcopi
1259 3007 1464 3072 Bertinoai

260 3113 365 3175 visum
388 3121 436 3175 est
458 3110 640 3196 supplicare
664 3110 822 3196 Gregorio
843 3109 935 3174 XIII.
954 3108 1006 3176 Stis
1022 3109 1062 3174 V.
1079 3109 1311 3196 predecessori,
1334 3121 1372 3176 ut
1394 3109 1463 3176 die·

260 3225 326 3279 tam
357 3213 527 3278 ecclesiam
556 3213 789 3299 parrochialem
817 3212 960 3299 patribus
991 3215 1151 3277 societatis
1174 3216 1337 3298 propriam
1360 3214 1462 3300 pleno

260 3321 329 3383 iure
352 3317 537 3404 applicaret,
560 3319 663 3403 ipsam
685 3340 764 3381 vero
788 3316 990 3404 parrochiam
1012 3317 1201 3382 transferret
1224 3316 1266 3382 ad
1286 3317 1466 3385 ecclesiam

259 3424 393 3489 fratrum
423 3421 688 3488 Praedicatorum
718 3422 810 3487 Sacri
834 3421 1006 3506 Sanguinis
1036 3423 1242 3506 nominatam,
1273 3444 1357 3508 quae
1385 3422 1464 3489 alio·

260 3530 337 3614 quin
367 3550 470 3613 paene
501 3526 629 3591 deserta
659 3535 738 3609 crat,
770 3537 802 3590 et
832 3549 890 3611 per
920 3525 1037 3589 malam
1066 3527 1208 3610 priorum
1238 3529 1464 3593 oeconomiam

261 3654 299 3696 eo
329 3629 471 3712 redacta,
502 3641 538 3694 ut
564 3632 621 3694 rix
651 3652 714 3693 uno
746 3638 801 3693 aut
831 3628 922 3693 alteri
949 3629 1041 3693 fratri
1065 3628 1181 3693 alendo
1204 3627 1378 3714 sufficeret,
1403 3633 1465 3717 qui

260 3736 358 3799 etiam
379 3733 496 3817 populo
519 3732 559 3798 ob
583 3733 667 3799 mala
690 3732 851 3820 quaedam
874 3733 1024 3818 exempla
1046 3743 1078 3798 et
1101 3731 1255 3798 scaudala
1270 3733 1349 3798 alias
1374 3757 1464 3800 com-

260 3839 359 3902 missa
380 3835 476 3901 valde
498 3839 614 3922 ingrati
637 3839 787 3903 existunt.
820 3836 928 3924 Atque
951 3839 995 3901 ita
1016 3836 1125 3920 fiebat,
1146 3847 1182 3902 ut
1196 3836 1333 3923 populus
1350 3860 1463 3924 neque

260 3941 346 4004 hane
368 3939 587 4026 frequentaret
609 3965 715 4029 neque
737 3944 832 4006 etiam
856 3939 1121 4025 parrochialibus,
1143 3963 1180 4005 eo
1197 3940 1283 4027 quod
1299 3939 1411 4006 adhuc
1428 3946 1464 4008 in

260 4043 413 4128 religione
455 4045 611 4111 catholica
653 4049 755 4111 teneri
789 4045 982 4109 Iesuitarum
1024 4047 1178 4110 exercitio
1217 4067 1279 4110 non
1316 4044 1464 4112 libenter

260 4151 427 4214 intersunt.

364 4271 424 4336 His
448 4273 624 4339 rationibus
646 4284 750 4339 motus
773 4273 950 4357 Gregorius
973 4293 1037 4336 non
1060 4271 1160 4336 solum
1183 4271 1289 4336 factae
1311 4273 1465 4357 petitioni

259 4377 380 4460 annuit,
404 4379 580 4463 nuntioque
603 4380 768 4460 commisit,
796 4387 922 4440 utrem
945 4377 1126 4440 executioni
1150 4374 1373 4460 demandaret,
1406 4401 1464 4442 ve

259 4503 331 4544 rum
354 4483 450 4546 ctiam
473 4493 585 4566 sponte
608 4481 774 4561 concessit,
799 4489 834 4543 ut
849 4491 1018 4564 praeterea
1033 4500 1149 4563 pauca,
1165 4501 1248 4564 quac
1264 4495 1464 4564 supererant

261 4583 355 4664 bona,
378 4583 512 4647 Jesuitis
533 4581 746 4645 traderentur.
