3100 5025
1250 327 1290 392 lt

94 521 190 605 gione
214 518 357 584 confodit
378 541 485 605 neque
506 529 615 585 tamen
640 541 660 582 a
687 521 875 602 maffl'stratu
906 518 1066 584 admissae
1095 519 1205 585 caedis
1236 542 1291 606 pu·

93 625 178 688 nitus
203 634 262 706 est,
285 625 363 709 quin
388 626 485 689 immo
507 633 579 708 post
600 644 721 708 paucos
744 622 813 688 dies
837 623 973 688 duorum
996 623 1149 688 nobilium
1180 624 1292 689 haere-

93 729 232 792 ticorum
260 726 373 792 favore
399 726 619 792 intercedente
641 726 750 791 delicti
772 729 992 792 remissionem
1016 737 1047 792 et
1069 729 1291 813 impunitatem

93 833 279 916 impetravit
301 853 341 896 ac
367 830 587 917 supradictum
618 829 784 913 sacellum,
816 833 906 896 cuius
930 833 1028 897 annui
1050 831 1195 897 redditus
1218 841 1292 896 sunt

93 934 292 1000 florenorum
327 937 454 1001 circiter
487 945 704 1001 trecentorum
738 934 868 1001 cuidam
898 934 1098 1021 praedicanti
1128 936 1291 1002 haeretico

94 1040 231 1105 contulit
253 1049 367 1106 contra
389 1043 496 1105 omnia
516 1043 588 1104 iura
615 1050 648 1105 et
676 1049 806 1126 praeter
837 1039 1043 1106 fundatorum
1072 1042 1289 1106 intentionem.

94 1143 169 1224 Quo
200 1166 286 1209 nono
308 1144 380 1208 Iulii
410 1144 472 1210 hoc
502 1167 586 1210 anno
617 1145 658 1207 78
689 1155 814 1210 mortuo
838 1144 890 1210 alii
913 1147 1010 1210 etiam
1032 1144 1196 1210 haeretico
1219 1165 1291 1210 eon-

94 1251 259 1331 cionatori,
282 1271 380 1336 quem
402 1250 435 1314 iu
458 1249 613 1314 suburbio
635 1249 806 1315 aedificato
822 1249 940 1336 templo
955 1251 1086 1336 propria
1101 1251 1290 1316 auctoritate

92 1352 330 1435 introduxerat
359 1362 535 1440 proventus
557 1353 640 1418 illius
662 1353 772 1420 sacelli
794 1357 983 1440 assignavit3
1014 1354 1056 1418 ad
1084 1377 1181 1441 quem
1202 1377 1290 1420 nunc

92 1460 184 1522 cives
208 1456 375 1523 confluunt
395 1481 435 1522 ac
456 1458 643 1544 pestiferum
658 1461 746 1523 virus
761 1459 933 1524 haeresum
948 1467 1130 1524 vomentem
1146 1458 1290 1542 audiunt,

93 1573 129 1626 nt
149 1560 233 1626 nihil
255 1560 470 1627 dubitandum
492 1565 543 1645 sit,
565 1563 626 1627 nisi
649 1565 871 1648 prospiciatur,
896 1565 972 1649 quin
988 1572 1053 1628 tota
1068 1564 1183 1628 civitas
1199 1562 1291 1629 brevi

92 1678 240 1752 tempore
264 1666 480 1732 Viliaeensi
501 1666 612 1732 similis
632 1667 741 1732 futura
770 1670 820 1752 sit,
853 1689 950 1754 quae
981 1676 1060 1733 tota
1090 1666 1292 1733 haeretica

93 1781 164 1852 est,
189 1791 229 1834 ac
252 1770 313 1835 sub
337 1770 453 1836 eodcm
476 1770 616 1836 dominio
638 1773 781 1858 episcopi
796 1771 1048 1858 Bamhergensis
1064 1773 1196 1855 regitur.
1225 1771 1290 1852 Qui

92 1877 191 1939 etiam
214 1877 422 1940 concionator
444 1874 624 1940 haereticus
646 1875 803 1962 templum
823 1874 1023 1961 parrochiale
1049 1874 1136 1961 (aio),
1160 1875 1290 1961 quando

91 1978 184 2043 lubet
205 2001 246 2042 ac
268 1978 384 2045 fimeta
407 1977 641 2044 haereticorum
660 2002 698 2045 eo
721 1978 883 2044 interdum
906 1981 1084 2063 comitatur,
1108 2001 1191 2064 quae
1214 1981 1247 2043 vi
1270 2001 1291 2044 a

92 2082 220 2147 civibus
243 2105 303 2168 per
324 2105 399 2148 eum
420 2085 583 2168 perversis
605 2085 788 2148 coemiterio
805 2081 1013 2168 parrochialis
1029 2083 1186 2148 ecclesiae
1201 2082 1290 2148 adhi-

94 2187 167 2250 bitis
183 2186 387 2253 cantionibus
401 2198 435 2252 et
447 2187 517 2252 aliis
533 2190 723 2252 ceremoniis
738 2187 908 2253 haereticis
923 2187 1114 2270 inferuntur,
1129 2185 1288 2273 parrocho

92 2291 214 2355 frustra
242 2289 455 2374 reclamante,
488 2291 548 2356 sed
577 2314 665 2357 nunc
694 2301 821 2356 annunt
850 2291 911 2356 sibi
940 2293 1038 2357 etiam
1068 2293 1287 2356 coemiterium

94 2406 190 2460 extra
212 2397 387 2478 civitatem,
410 2417 473 2481 quo
495 2417 569 2461 suos
592 2396 693 2461 libere
715 2395 873 2461 deferent.

198 2499 292 2581 Item,
308 2498 464 2566 Celeiae
480 2497 578 2587 (qnae
593 2502 707 2567 civitas
721 2510 770 2565 est
784 2499 968 2565 immediate
984 2497 1075 2567 Sermi
1090 2498 1288 2586 archiducis)

91 2604 209 2670 mulier
232 2603 392 2689 quaedam
415 2604 541 2689 nobilis,
565 2626 648 2691 quae
668 2604 766 2671 aedes
782 2604 882 2670 habet
896 2604 1026 2671 cuidam
1042 2605 1199 2671 ecclesiae
1215 2627 1287 2671 oon-

90 2710 210 2795 h'guas,
234 2709 404 2774 ecclesiam
418 2711 452 2774 vi
473 2708 534 2774 sihi
557 2709 743 2774 vendicavit
765 2709 826 2773 suh
849 2718 1032 2795 praetextu,
1056 2708 1143 2795 quod
1166 2711 1206 2775 ait
1226 2711 1289 2775 ius·

92 2822 293 2897 patronatus,
316 2836 392 2878 cum
412 2812 447 2878 id
468 2823 577 2879 tamen
600 2824 688 2878 certo
707 2836 771 2879 non
788 2822 920 2880 constet.
957 2811 1065 2894 Quam
1081 2836 1155 2878 cum
1171 2812 1289 2879 deinde

92 2916 273 3003 parrochus
288 2929 522 3003 recuperasset,
543 2940 617 2983 eum
632 2918 685 2982 illa
701 2919 815 2983 mulier
830 2918 873 2983 ad
888 2918 1029 2984 tribunal
1045 2918 1289 3004 provincialium

94 3023 214 3105 citavit,
238 3024 293 3108 qni
316 3015 391 3087 cum
412 3022 567 3088 haeret-ici
589 3025 662 3107 sint,
685 3032 797 3087 contra
819 3022 1012 3107 parrochum
1029 3025 1228 3088 sentenciam
1243 3032 1289 3087 tu·

92 3123 209 3209 ierunt,
233 3127 278 3190 ita
300 3137 336 3191 ut
357 3125 527 3193 ecclesiam
551 3126 676 3191 mulieri
699 3129 867 3191 restituere
890 3129 922 3191 vi
945 3125 1104 3211 debuerit,
1128 3148 1212 3212 quae
1229 3135 1290 3191 sta·

94 3232 151 3294 tim
180 3229 382 3296 haereticum
412 3233 668 3296 concionatorem
697 3230 877 3296 introduxit
907 3253 981 3296 cum
1008 3229 1118 3295 dolore
1142 3229 1289 3315 parrochi

95 3344 128 3398 et
141 3334 386 3420 catholicorum3
410 3338 465 3421 qui
487 3338 548 3400 nisi
569 3335 662 3401 hrevi
681 3335 842 3421 abigatur,
865 3344 964 3400 totam
979 3336 1141 3401 civitatem
1157 3335 1288 3399 inficiat.

198 3438 293 3522 Item,
317 3461 390 3504 cum
412 3441 446 3505 iu
469 3441 656 3525 episcopatu
681 3437 875 3505 Gurcensi
898 3440 930 3503 in
953 3438 1094 3525 quadam
1117 3436 1290 3524 parrochia

97 3552 240 3607 mortuus
264 3552 350 3607 esset
370 3566 456 3609 anno
477 3546 650 3630 praeterito
672 3542 861 3630 parrochus,
884 3545 1084 3629 praepositus
1100 3542 1288 3625 Gurcensis,

97 3646 138 3711 ad
168 3669 267 3733 quem
295 3649 435 3732 provisio
464 3646 546 3713 illius
575 3648 732 3713 ecclesiae
762 3658 897 3733 spectat,
931 3649 1089 3713 vicarium
1123 3644 1289 3733 quendam

97 3753 189 3834 misit,
217 3752 273 3836 qui
288 3773 398 3816 curam
417 3749 501 3815 illius
523 3751 713 3837 parrochiae
735 3750 880 3836 haberet,
905 3751 1011 3837 quoad
1035 3751 1076 3817 de
1100 3771 1289 3815 successore

98 3855 342 3939 prospiceretur.
377 3852 442 3933 Qui
458 3877 479 3919 a
494 3854 623 3919 domina
646 3856 809 3921 haeretica
831 3855 1038 3940 hiargaretha
1064 3854 1105 3920 de
1129 3855 1287 3919 Feustrita

98 3978 161 4022 non
182 3960 223 4022 sit
243 3956 414 4042 admissus,
447 3961 545 4025 immo
574 3981 649 4025 cum
678 3962 880 4046 praepositus
909 3962 978 4045 ipse
1006 3959 1047 4024 de
1071 3957 1200 4025 oonsilio
1225 3959 1289 4044 epi-

99 4064 184 4147 scopi
206 4064 255 4127 sui
277 4084 317 4127 eo
338 4066 539 4146 accessisset,
567 4063 670 4129 allatis
692 4086 802 4129 secum
826 4067 925 4129 sacris
949 4064 1104 4147 vestibus,
1133 4063 1233 4129 calice
1258 4076 1290 4127 et

99 4164 165 4231 aliis
194 4166 294 4231 rebus
324 4166 367 4232 ad
397 4168 629 4234 celebrandum
652 4171 852 4252 necessariis,
881 4171 907 4233 si
930 4171 1108 4233 sacrarium
1131 4168 1288 4233 ecclesiae

100 4290 159 4333 non
192 4273 357 4356 patuisset,
392 4272 507 4337 eadem
541 4272 680 4357 domina,
714 4296 799 4359 quae
832 4274 942 4360 templi
977 4272 1087 4338 claves
1119 4272 1288 4355 habuerat,

100 4369 180 4437 fores
211 4377 308 4440 etiam
337 4387 449 4462 rogata
476 4399 641 4464 nunquam
671 4379 788 4465 aperiri
818 4378 926 4443 voluit.
973 4376 1084 4457 Quare
1117 4399 1191 4441 cum
1225 4378 1289 4441 iam

102 4478 206 4543 rustici
227 4481 296 4545 eius
323 4479 394 4563 loci,
423 4482 477 4566 qui
499 4481 648 4547 catholici
674 4492 757 4559 sunt,
788 4480 830 4547 ad
860 4480 1059 4547 audiendum
1081 4503 1210 4547 sacrum
1234 4480 1287 4545 ad-

102 4583 267 4667 venissent,
283 4586 483 4670 praepositus
498 4587 662 4672 ingressus
682 4595 731 4650 est
745 4586 899 4651 sacellum
914 4597 1062 4672 apertum
1077 4584 1197 4672 templo
1215 4607 1285 4671 pro-

150 4692 254 4737 ram..
271 4695 375 4739 naun
396 4695 436 4738 ar.
446 4696 470 4738 1..
1119 4694 1134 4741 a
