3100 5025
1250 295 1314 360 249

115 496 268 571 tractent,
292 497 329 554 ιιι
345 489 452 552 statim
466 494 540 573 post
562 495 752 552 autumnum
774 509 891 573 panem
914 489 947 552 in
970 487 1107 574 oppidis,
1131 487 1313 553 civitatibus

117 602 150 656 et
180 593 296 658 caetris
322 591 365 657 ab
388 593 434 656 eie
456 613 602 658 reemere
624 602 657 657 et
679 591 721 656 ob
743 591 776 656 id
799 591 890 656 multi
913 593 1005 676 quasi
1027 592 1113 658 fame
1136 593 1242 678 perire
1264 613 1313 658 co·

115 705 245 780 gantm.

221 801 331 867 Serffl
354 799 515 866 archidux
537 799 636 866 habet
658 799 791 886 quidem
809 799 964 866 hincinde
979 801 1012 866 iu
1027 802 1201 886 provinciis
1217 824 1313 886 quam

114 903 258 990 plurima
285 906 417 991 propria
446 913 553 970 castra
582 913 616 969 et
644 904 763 989 oppida
793 926 833 968 ac
863 905 1009 968 civitates
1031 904 1099 970 fere
1123 926 1233 970 omnes
1256 905 1313 970 sed

114 1011 202 1074 sicut
223 1018 330 1074 caena
351 1011 423 1095 ipsa
444 1008 599 1094 pleraque
620 1011 690 1074 iure
713 1007 920 1094 hypothecali
934 1030 955 1072 a
970 1007 1132 1074 nobilibus
1151 1008 1314 1093 possiden-

114 1123 179 1196 tur,
203 1114 250 1177 ita
271 1122 306 1178 et
325 1112 446 1199 oppida
467 1121 502 1178 et
522 1114 670 1178 civitatee
692 1115 725 1176 in
747 1111 897 1178 manibus
919 1114 1061 1198 ipsorum
1084 1113 1203 1176 civium
1225 1122 1313 1197 sunt3

113 1219 142 1282 si
164 1215 298 1302 quidem
322 1215 355 1281 S.
371 1215 466 1282 Sere·
487 1216 610 1282 nullum
633 1215 830 1301 praesidium
852 1219 885 1282 in
909 1219 954 1280 eis
978 1215 1085 1282 habet.
1121 1215 1176 1282 Ad
1198 1216 1259 1282 hoc
1282 1227 1315 1282 et

112 1321 196 1386 illud
218 1320 396 1386 notandum
417 1341 501 1404 esse,
529 1320 630 1386 multa
652 1319 805 1386 nobilium
827 1321 969 1405 ipsorum
999 1329 1114 1404 castra,
1144 1342 1208 1406 que
1238 1343 1314 1386 non·

112 1427 176 1490 nisi
200 1446 325 1490 summo
346 1423 458 1489 labore
480 1434 512 1489 et
535 1423 685 1490 diuturna
708 1422 873 1489 obsidione
897 1425 943 1488 eis
965 1423 1063 1489 adimi
1086 1433 1227 1510 possent,
1251 1446 1313 1510 que

111 1551 167 1594 res
191 1528 317 1614 absque
340 1528 439 1594 dubio
461 1537 586 1593 tantum
608 1530 770 1614 temporis,
793 1530 877 1592 aeris
899 1549 939 1592 ac
962 1529 1128 1613 sanguinis
1150 1529 1176 1592 ei
1191 1528 1234 1593 ad
1249 1527 1314 1594 bel·

112 1632 182 1698 lum
206 1632 416 1698 deveniremr
438 1641 651 1716 consumeret,
683 1641 841 1717 quantum
862 1631 997 1698 fortasse
1019 1633 1116 1718 pauci
1138 1654 1225 1698 nunc
1249 1655 1314 1698 cre·

112 1737 207 1820 dunt,
232 1745 265 1801 et
278 1738 423 1801 maxime
436 1738 468 1820 ii,
484 1738 539 1822 qui
555 1758 664 1801 rerum
681 1735 880 1801 Gallicarum
896 1743 929 1800 et
944 1736 1139 1800 Germaniae
1155 1736 1314 1801 inferioris

112 1841 237 1906 nullam
260 1843 404 1906 notitiem
426 1838 558 1923 habent,
581 1839 638 1904 ubi
659 1842 808 1924 ingentes
824 1839 966 1904 thesauri
981 1839 1137 1904 hactenus
1152 1838 1314 1925 absumpti

113 1954 191 2010 sunt
212 1953 246 2010 et
267 1966 333 2010 non
354 1943 457 2010 solum
479 1965 594 2029 parum
615 1953 672 2009 aut
693 1943 772 2008 nihil
794 1943 984 2029 profectum,
1007 1943 1066 2008 sed
1088 1944 1186 2008 etiam
1208 1965 1259 2008 res
1275 1966 1313 2008 eo

113 2049 267 2133 deducte,
290 2059 446 2134 utquam
469 2048 596 2134 plurimi
619 2047 767 2114 catholici
789 2067 916 2112 summa
937 2049 1128 2112 necessitate
1151 2050 1314 2114 constricti

113 2157 148 2218 in
171 2162 281 2218 castra
303 2152 539 2218 haereticorum
561 2163 791 2216 concesserunt
813 2161 845 2216 et
867 2174 932 2216 non
954 2151 1056 2216 solum
1079 2150 1192 2236 religio
1207 2151 1313 2216 catho-

112 2257 179 2322 lica
208 2259 331 2342 passim
361 2258 521 2342 extirpata
551 2255 610 2320 sed
640 2258 738 2320 etiam
768 2257 854 2342 regis
884 2257 1037 2320 autoritas
1070 2277 1111 2322 ac
1143 2256 1313 2340 imperium

2 2422 3 2433 ,
113 2361 213 2448 plane
244 2361 436 2444 abrogatum
466 2370 499 2426 et
529 2362 636 2425 omnia
665 2362 711 2426 ita
736 2363 854 2426 misere
877 2383 917 2425 ac
940 2359 1123 2424 calamitose
1146 2357 1315 2444 profligata

2 2442 3 2479 ³
113 2469 190 2551 sint,
221 2475 258 2531 ut
286 2467 438 2552 parietes,
469 2474 594 2531 montes
617 2474 649 2529 et
672 2467 778 2551 campi
801 2467 860 2551 ipsi
883 2465 1000 2531 vastati
1021 2464 1055 2530 id
1078 2463 1246 2551 deplorare
1269 2466 1313 2529 vi·

2 2583 4 2594 ‘
114 2572 266 2654 deantur,
290 2588 364 2635 cum
386 2580 495 2635 tamen
518 2572 629 2654 negari
652 2592 717 2635 non
738 2572 848 2655 possit,
872 2572 899 2635 si
922 2569 1030 2635 Ser¹¹²¹¹⁸
1053 2591 1114 2635 rex
1138 2568 1313 2635 catholicus

113 2674 317 2741 solummodo
340 2674 635 2741 Gandavenscm
665 2677 959 2741 conventionem
988 2683 1093 2740 ratam
1122 2675 1312 2761 firmamque

114 2780 294 2863 habuisset,
324 2802 421 2865 quam
444 2780 541 2865 paulo
562 2789 638 2844 ante
660 2780 683 2845 J
689 2778 858 2845 ohannes
882 2778 1112 2845 Austriacus
1134 2781 1313 2845 iuramento

114 2908 174 2949 suo
204 2886 464 2967 confirmaverat,
494 2883 582 2970 quod
611 2892 644 2949 et
673 2884 831 2949 catholica
860 2893 970 2949 nostra
1000 2883 1111 2969 religio
1135 2886 1246 2949 maiori
1269 2907 1313 2949 ex

2 3055 4 3086 ,
114 2998 208 3074 parte
232 2998 265 3053 et
286 2989 439 3053 autoritas
458 3010 517 3053 sua
533 2990 622 3073 regia
638 2987 728 3055 salva
743 2998 894 3074 sertaque
910 2998 1059 3073 tectaque
1073 2990 1311 3073 permansisset,

2 3094 4 3182 ζ
115 3104 247 3158 etcum
268 3102 415 3177 tempore
437 3114 495 3179 pro
515 3092 626 3158 labore
648 3116 689 3159 ac
711 3092 817 3157 studio
841 3095 947 3159 omnia
962 3095 993 3157 in
1010 3094 1179 3178 pristinum
1194 3102 1311 3158 statum

2 3187 3 3248 l
114 3199 243 3262 restitui
264 3199 450 3281 potuissent.

2 3309 3 3312 ’
222 3299 320 3380 Quod
341 3302 448 3385 ipsum
469 3300 571 3386 apud
592 3322 659 3365 nos
682 3321 810 3386 qnoque
826 3300 910 3366 bene
926 3298 1249 3365 animadvertendum
1265 3310 1314 3365 est

2 3399 3 3406 ἵ
115 3416 149 3470 et
178 3426 305 3469 summe
336 3403 583 3489 providendum,
612 3426 654 3468 ne
684 3406 717 3467 in
747 3404 797 3468 his
827 3406 999 3489 provinciis
1029 3426 1081 3468 res
1110 3406 1143 3468 in
1173 3403 1313 3469 eundem

114 3518 237 3574 statum
257 3507 436 3573 identidem
457 3507 669 3573 adducantur.
710 3508 775 3587 Qui
798 3518 885 3574 tanto
909 3508 1122 3575 calamitoeior
1144 3518 1177 3572 et
1203 3509 1312 3573 exitia-

114 3612 213 3679 bilior
242 3611 355 3697 procul
386 3611 484 3677 dubio
512 3613 606 3696 foret,
639 3622 759 3698 quanto
794 3614 911 3677 certius
942 3621 974 3676 et
1003 3612 1235 3677 indubitantius
1266 3621 1315 3677 est

2 3777 3 3780 ,
115 3718 213 3784 Ser¹¹¹⁰
242 3714 410 3793 archiduci
440 3717 547 3781 statim
575 3738 640 3780 non
667 3715 770 3781 solum
793 3738 867 3781 cum
889 3716 1025 3781 subditis
1048 3717 1114 3780 suis
1136 3714 1195 3781 sed
1217 3717 1314 3781 etiam

114 3822 186 3885 aliis
209 3831 244 3885 et
265 3821 455 3906 praesertim
476 3822 591 3885 vicinis
605 3820 730 3902 Turcis,
754 3822 809 3905 qui
829 3842 887 3905 per
903 3821 1135 3905 quinquaginta
1150 3820 1218 3884 fere
1234 3818 1313 3884 Ger-

2 3917 3 3994 Ῑ
115 3928 246 3991 manica
277 3924 422 3989 milliaria
452 3946 511 3989 seu
537 3923 649 4009 leguas
672 3925 704 3988 S.
722 3925 826 3990 serm
850 3923 1053 3989 circumdant
1074 3925 1246 4009 negocium
1268 3922 1313 3987 l‘u·

114 4040 227 4095 turum
248 4031 399 4114 ipsosque
422 4028 518 4092 talem
541 4030 743 4092 occasionem
766 4051 829 4093 non
853 4028 1055 4113 neglecturos
1078 4027 1136 4092 sed
1167 4036 1314 4092 acturum

117 4134 196 4218 (sic)
224 4133 434 4217 irruptionem
455 4135 489 4196 in
511 4131 570 4196 has
593 4134 726 4197 miserae
749 4142 783 4197 et
804 4131 883 4197 alias
905 4135 970 4197 iam
993 4154 1070 4197 suae
1093 4130 1236 4217 praedae
1259 4154 1314 4195 ex·

117 4240 237 4324 positas
259 4237 443 4322 provincias
464 4237 607 4301 facturos
629 4258 669 4299 ac
691 4235 810 4321 pedem
825 4240 858 4301 in
875 4238 921 4301 eis
936 4238 981 4301 ita
996 4237 1128 4319 fixurus,
1152 4245 1188 4300 ιιι
1201 4245 1315 4320 postea

2 4351 3 4400 3
116 4341 235 4407 nullius
256 4342 399 4426 potentia
422 4340 483 4403 eici
496 4362 538 4405 ac
552 4340 720 4405 exturbari
735 4350 853 4425 posset,
877 4350 909 4405 et
924 4342 971 4405 sic
985 4339 1118 4405 tandem
1133 4361 1196 4403 non
1212 4337 1314 4403 solum

2 4465 3 4478 ¹
118 4445 161 4510 de
189 4446 277 4509 omni
307 4442 461 4527 religione
492 4454 525 4510 et
545 4444 666 4511 Christi
696 4443 815 4509 domini
846 4447 946 4509 nostri
975 4444 1040 4509 fide
1070 4443 1248 4508 sedetiam
1272 4440 1314 4505 de

118 4550 151 4615 S.
169 4549 259 4615 Serll’
281 4569 322 4612 ac
344 4550 487 4618 omnium
508 4532 652 4615 fidelium
674 4569 806 4614 suorum
828 4548 1038 4632 subditorum,
1067 4549 1121 4633 qui
1144 4567 1313 4612 numerum
