3100 5025
1224 290 1289 356 255

197 479 253 544 Ad
275 479 359 544 haec
381 479 414 545 S.
430 479 474 546 D.
490 479 533 546 N.
554 502 595 543 ac
618 478 726 544 Ser¹³”
746 478 908 545 archidux
930 501 1000 545 rem
1023 483 1176 567 optimam
1205 481 1289 546 lace·
1409 555 1411 559 ,
1487 575 1492 585 .

88 593 173 667 rent,
204 586 232 648 si
261 585 296 648 in
325 583 459 669 singulis
488 582 620 667 reliquis
644 583 677 650 S.
693 581 783 648 seri·
810 585 983 669 provinciis
1005 583 1131 669 singula
1153 584 1290 670 collegia

89 688 253 753 societatis
279 687 361 753 Jesn
392 689 563 773 erigerent,
592 696 629 752 ut
658 687 801 774 exempli
830 689 936 772 gratia
964 690 995 752 in
1027 687 1216 754 Oharinthia
1245 689 1288 755 ad

89 791 123 858 S.
135 792 260 877 Vitum,
276 794 405 858 civitate
420 792 495 858 olim
510 791 802 878 metropolium,
825 791 962 856 Labacii
977 792 1076 876 aliud,
1098 803 1131 858 et
1146 793 1290 860 Goritiae

87 897 231 980 tertium,
263 897 351 983 qnod
381 895 513 982 quidem
542 894 827 980 incomparabilem
852 895 992 962 fructum
1014 895 1159 982 religioni
1183 898 1288 964 catho

87 1000 172 1065 lices
202 999 435 1086 propagandae
464 999 558 1064 brevi
585 999 729 1064 adferret
758 1009 792 1064 et
821 1007 887 1064 tam
909 999 1004 1065 facile
1026 1003 1181 1086 praestita
1205 1013 1290 1067 esset

88 1126 189 1189 quam
211 1103 300 1190 quod
315 1104 476 1169 facillime.
499 1104 584 1168 Nam
599 1102 643 1168 ad
658 1103 693 1169 S.
706 1104 835 1168 Vitum
857 1103 997 1169 habetur
1019 1105 1188 1190 parrochia
1211 1109 1288 1171 satis

87 1210 221 1294 optima,
245 1231 328 1294 qnae
351 1211 412 1294 ipsi
434 1209 580 1273 societati
601 1209 760 1293 assignari
783 1217 815 1271 et
830 1207 924 1273 simul
939 1208 981 1272 ab
997 1209 1118 1294 aliquot
1133 1219 1288 1275 monaste-

87 1314 143 1376 riis
175 1323 209 1378 et
237 1312 308 1378 aliis
336 1312 502 1378 beneficiis
532 1321 657 1378 tantum
687 1311 845 1397 deputari,
877 1321 914 1377 ut
943 1311 1062 1378 alumni
1090 1315 1159 1378 eius
1182 1317 1289 1380 omnia

87 1419 276 1482 necessaria
305 1415 427 1483 habere
457 1427 490 1481 et
517 1418 642 1482 miseris
672 1415 872 1482 scholaribus
900 1437 963 1482 non
987 1438 1101 1503 parum
1124 1419 1287 1504 impartire

87 1531 232 1607 possent,
254 1521 382 1586 Labaci
403 1543 481 1585 vero
504 1531 537 1586 et
552 1521 696 1587 Goritiae
718 1518 880 1585 habentur
900 1519 963 1586 duo
979 1523 1172 1588 monasteria
1187 1523 1288 1588 Fran·

86 1629 303 1711 ciscanorum,
326 1647 464 1712 quorum
483 1624 646 1690 alterum
663 1623 891 1689 Labacense
914 1624 1067 1690 videlicet
1087 1629 1152 1690 iam
1166 1649 1187 1690 a
1201 1626 1289 1692 mul·

86 1733 135 1796 tis
159 1731 274 1795 annis
304 1739 362 1794 est
391 1727 597 1811 desertum,
628 1727 682 1793 illa
705 1730 826 1814 pariter
849 1731 993 1795 societati
1016 1729 1088 1794 dari
1110 1739 1142 1794 et
1164 1729 1224 1794 illis
1247 1731 1288 1796 de

86 1837 274 1900 necessario
300 1835 390 1899 victu
420 1855 495 1897 cnm
525 1834 783 1917 incorporatione
813 1831 934 1918 aliquot
963 1832 1194 1898 beneficiorum
1217 1836 1288 1899 sim-

2 1948 3 1953 ’
85 1940 221 2025 plicium
244 1936 410 2023 provideri
432 1945 548 2022 posset.
585 1934 696 2016 Quare
719 1935 863 2021 prolecto
886 1945 1011 2002 tantum
1026 1945 1058 2002 et
1074 1937 1204 2022 quidem
1219 1941 1288 2002 sine

2 2118 3 2129 χ
86 2046 175 2108 omni
197 2045 336 2128 strepitu
357 2062 397 2105 ac
419 2039 563 2126 periculo
585 2042 619 2104 in
640 2042 738 2104 vinea
760 2039 881 2104 domini
904 2041 1124 2126 proficeretur,
1147 2051 1182 2106 ut
1204 2043 1289 2106 intra

2 2184 3 2187 ι
85 2169 211 2234 pancos
241 2168 343 2211 annos
374 2147 476 2211 omnis
506 2144 645 2231 populus
666 2146 699 2208 in
722 2143 872 2208 omnibus
895 2145 1078 2210 civitatibus
1100 2145 1225 2232 oppidis
1249 2169 1288 2210 ac

2 2230 4 2291 i
86 2252 157 2316 aliis
189 2251 269 2316 locis
292 2249 484 2314 catholicam
507 2258 650 2312 nostram
672 2247 860 2332 religionem
883 2248 1088 2334 profiteretur
1111 2259 1143 2313 et
1164 2248 1287 2314 nobiles

85 2356 223 2422 tandem
252 2352 397 2420 nolentes
425 2353 567 2418 volentes
589 2351 767 2416 identidem
791 2353 1024 2418 confessionem
1046 2376 1139 2419 suam
1162 2353 1287 2420 desere-

2 2446 3 2487 3
85 2470 159 2527 rent
183 2471 216 2526 et
238 2458 282 2525 ad
312 2457 449 2525 ecclesie
479 2458 737 2523 communionem
767 2478 839 2521 sese
869 2457 1067 2542 conferrent3
1099 2458 1186 2545 quod
1207 2458 1287 2526 alias

2 2567 3 2622 l
86 2588 152 2631 non
182 2566 340 2647 facerent,
374 2565 403 2627 si
431 2564 527 2628 totins
557 2560 669 2626 mundi
699 2582 791 2625 arma
824 2564 856 2627 in
890 2565 976 2649 ipsos
1010 2562 1286 2649 distringerentur.

85 2670 172 2734 Nam
195 2672 280 2734 sicut
301 2669 410 2733 sensui
432 2668 593 2731 communi
615 2674 705 2751 patet
727 2674 760 2729 et
781 2668 813 2729 in
835 2668 998 2751 primitiva
1019 2667 1157 2733 ecclesia
1179 2692 1218 2733 ac
1237 2668 1288 2733 his

2 2775 3 2780 ’
87 2771 310 2859 superioribus
338 2773 432 2837 annis
460 2773 493 2835 in
517 2770 703 2853 Germania,
734 2767 840 2835 Gallia
871 2780 903 2834 et
933 2769 1087 2835 Flandria
1116 2771 1288 2837 videbatur

87 2878 185 2961 clare,
218 2876 303 2942 hanc
326 2876 378 2941 vel
408 2874 496 2939 illam
524 2873 712 2959 religionem
741 2874 860 2938 frustra
889 2876 987 2939 armis
1018 2880 1212 2961 oppugnari;
1243 2880 1288 2943 ita

87 2984 186 3047 etiam
209 2979 322 3067 procul
345 2979 444 3045 dubio
465 2978 568 3062 fieret,
590 2987 627 3041 ut
648 3000 691 3041 ex
707 2976 864 3042 eiusmodi
879 2978 1021 3063 collegiis
1043 2978 1136 3043 brevi
1159 2988 1205 3045 tot
1227 2983 1288 3045 viri

2 3129 4 3142 »
88 3086 174 3151 docti
197 3106 238 3149 ac
260 3083 416 3173 probatae
439 3083 524 3147 vitae
547 3080 723 3166 prodirent,
746 3091 781 3146 ut
803 3083 824 3145 ii
847 3103 911 3145 non
934 3082 1035 3147 solum
1058 3084 1091 3147 in
1106 3085 1286 3169 temporali-

3 3227 4 3250 1
86 3189 149 3254 bus
172 3188 323 3254 omnibus
344 3186 532 3273 parrochiis,
562 3187 762 3251 monasteriis
785 3208 824 3250 ac
847 3185 917 3250 ahie
939 3186 1164 3251 ecclesiasticis
1192 3187 1285 3253 bene·
1335 3187 1340 3199 ¹

3 3287 4 3348 Ῑ
86 3296 169 3359 ficiis
192 3314 311 3378 magno
333 3293 440 3357 fructu
462 3314 503 3357 ac
525 3290 739 3355 emolumento
761 3288 915 3376 deinceps
930 3312 1092 3377 praeesse,
1115 3291 1286 3357 sedetiam

86 3398 319 3485 parrochianos
340 3419 415 3462 suos
437 3398 544 3461 statim
559 3394 602 3459 ad
616 3397 774 3480 gremium
791 3394 947 3459 ecclesiae
963 3394 1121 3461 reducere
1137 3404 1178 3479 et,
1200 3395 1286 3481 quod

3 3489 4 3582 ]
86 3525 215 3568 summe
236 3526 257 3566 a
279 3502 352 3566 Deo
375 3499 594 3585 expetendum
615 3508 674 3582 est,
705 3498 858 3564 ordinarii
885 3500 945 3584 ipsi
968 3499 1074 3565 medio
1097 3522 1208 3566 eorum
1230 3502 1285 3565 im·

3 3619 4 3682 Ῑ
86 3630 205 3692 purum
228 3604 418 3671 clericorum
441 3604 690 3669 concubinatum
712 3626 753 3667 ao
776 3612 948 3669 uxoratum
971 3605 1098 3689 penitus
1122 3607 1285 3691 extirpare

3 3759 4 3796 ,
87 3721 120 3777 et
140 3713 253 3776 ornnia
273 3712 307 3775 in
329 3711 499 3795 pristinum
521 3708 659 3773 ecclesie
680 3707 743 3770 Dei
766 3716 899 3773 sauctae
922 3716 1040 3773 etatum
1062 3708 1286 3794 redintegrare

85 3823 229 3901 possent.
269 3813 365 3894 Quod
387 3813 466 3878 alias
489 3834 553 3877 non
575 3812 678 3894 fieret,
708 3814 767 3876 etsi
794 3834 904 3877 omnes
934 3812 978 3877 illi
1008 3815 1063 3898 qui
1084 3834 1106 3878 a
1127 3812 1286 3879 catholica

5 3949 6 3958 ι
86 3920 243 4006 religione
265 3916 363 3981 bisin
377 3915 523 4002 partibus
539 3915 746 3981 desciverrmt
759 3918 875 3981 iterum
889 3917 933 3983 ad
947 3938 1020 3981 sam
1035 3928 1284 3983 reverterentur.

86 4024 173 4089 Nam
202 4021 368 4087 modernis
398 4020 565 4107 parrochie
594 4043 634 4085 ac
663 4020 885 4086 sacerdotibus
915 4024 978 4107 qui
1013 4032 1124 4087 extra
1157 4022 1285 4087 dictae

87 4128 289 4193 societatis
312 4125 465 4190 scholas
479 4125 605 4190 literis
621 4146 775 4210 operam
792 4125 981 4191 dederunt
997 4125 1079 4191 adeo
1094 4147 1285 4212 persuasum

87 4244 134 4298 est
164 4254 239 4297 sese
269 4228 425 4295 uxoribus
451 4229 504 4295 vel
535 4229 722 4295 concubinis
745 4251 857 4296 carere
879 4252 943 4295 non
966 4252 1059 4317 posse
1083 4240 1118 4295 ut
1139 4230 1285 4316 plerique

87 4360 191 4421 omne,
214 4334 377 4400 beneficia
399 4356 468 4418 sua,
489 4336 588 4399 immo
610 4334 824 4400 sacerdotium
847 4338 951 4420 ipsum
971 4336 1082 4419 pocius
1098 4356 1196 4420 quam
1210 4356 1286 4399 suas

87 4440 293 4506 mulierculae
309 4438 493 4504 derelicturi
508 4460 579 4503 esse
594 4438 774 4504 videantur.
799 4438 896 4504 Unde
912 4460 1039 4524 quoque
1054 4438 1286 4505 rationabiliter

88 4544 237 4611 concludi
261 4552 378 4629 potest,
407 4546 532 4608 etiamsi
555 4544 817 4609 confessionistae
840 4546 899 4629 ipsi
922 4542 1080 4607 hodierna
1103 4542 1155 4608 die
1177 4565 1284 4628 parrc
