3100 5025
1286 343 1307 410 ὅ

215 532 382 618 Superiori
406 533 551 596 aestate¹
574 533 635 596 snit
651 533 683 597 S.
701 532 743 596 8¹⁵
759 533 927 618 perlatum,
951 537 982 598 in
1007 537 1141 599 comitiis
1164 533 1307 600 Murae-

102 639 292 723 pontanis
322 636 441 702 Ser¹¹¹¹
460 635 670 701 archiducem
695 636 847 703 Carolum
873 638 1034 703 nobilibus
1058 651 1090 703 et
1112 639 1306 725 quibusdam

104 740 295 806 civitatibus
310 740 449 828 styriae,
472 739 658 807 Oarinthiae
681 754 714 806 et
729 740 899 806 carniolae
923 745 1120 807 concessisse
1144 742 1305 830 religionis

105 847 304 930 libertatem,
332 867 373 909 ac
401 845 582 932 periculum
613 867 695 931 esse,
725 857 761 910 nt
792 847 954 911 comitatui
978 845 1158 913 Gcrieiensi
1189 848 1304 913 eadem

104 953 202 1016 tieret
235 952 416 1033 concessio,
449 948 537 1014 unde
571 952 667 1015 etiam
701 948 783 1015 fines
817 949 929 1016 ltaliae
968 951 1111 1017 haeresis
1148 953 1304 1020 scintillae

103 1078 210 1142 parvo
231 1065 378 1141 tempore
401 1054 557 1120 invadere
580 1065 719 1141 possent.

214 1160 289 1241 Que
321 1182 395 1224 cum
424 1161 457 1225 S.
481 1159 549 1226 San
571 1161 685 1225 merito
714 1171 909 1245 premerent,
934 1184 984 1227 me
1008 1165 1114 1228 statim
1138 1163 1306 1249 expedivit

107 1289 147 1330 ac
170 1277 262 1330 recto
284 1267 399 1329 itinere
422 1264 464 1329 ad
487 1265 690 1351 praedictum
711 1266 828 1330 Ser¹¹¹¹²¹¹¹
845 1267 1054 1332 archiducem
1070 1267 1220 1334 Oarolum
1236 1291 1307 1354 pro·

107 1371 209 1435 licisci
233 1371 326 1434 iussit
346 1368 389 1434 ad
411 1368 651 1455 impediendam
674 1369 951 1456 avertendamque
973 1371 1155 1436 huiusmodi
1171 1381 1305 1458 pestem,

108 1497 170 1561 que
196 1473 388 1539 catholicam
412 1473 583 1538 ecclesiam
606 1473 777 1559 plurimum
801 1474 1001 1539 labefactnra
1029 1486 1061 1540 et
1090 1475 1197 1540 multis
1227 1477 1305 1542 loeis

107 1581 287 1664 perniciem
314 1600 467 1664 magnam
495 1578 623 1643 illatura
652 1578 764 1664 procul
799 1578 897 1643 dubio
932 1581 1143 1646 existimatur.
1190 1581 1304 1668 ltaque

107 1688 161 1749 via
195 1684 346 1749 celeriter
379 1683 527 1748 confecta
560 1683 729 1749 Grastium
762 1685 898 1769 perveni
935 1707 975 1748 ec
1013 1684 1108 1750 seru
1138 1685 1304 1751 archiduci

107 1788 219 1854 literas
250 1787 461 1874 apostolicas²
490 1787 618 1853 reddidi
649 1801 682 1853 et
708 1810 792 1874 quae
815 1787 977 1853 habebam
1000 1791 1032 1853 in
1055 1789 1215 1854 mandatis
1239 1790 1305 1855 dili·

108 1905 223 1978 genter
255 1895 401 1980 exposui.
447 1892 513 1958 Ubi
544 1915 618 1958 cum
650 1903 737 1956 certo
770 1895 999 1978 comperissem
1028 1895 1191 1958 comitatui
1215 1894 1305 1961 (tori-

108 2000 208 2063 ciensi
228 1997 308 2063 nihil
329 2019 460 2084 prorsus
482 1999 641 2062 immineri
663 1995 807 2082 periculi,
831 1999 972 2061 maxime
996 1998 1083 2083 quod
1106 2021 1160 2062 eos
1183 2000 1215 2063 in
1239 1998 1304 2064 fide

108 2103 269 2168 catholica
284 2111 318 2167 et
331 2105 419 2167 avita
433 2101 598 2187 religione,
621 2103 653 2166 in
670 2125 734 2187 qua
750 2123 786 2165 se
801 2104 973 2187 persistere
989 2124 1028 2166 ac
1043 2104 1122 2166 mori
1146 2103 1230 2167 velle
1247 2125 1305 2167 sua

107 2218 222 2293 sponte
239 2216 424 2272 constanter
438 2207 640 2292 profitentur,
664 2209 760 2271 etiam
784 2205 891 2270 semu
907 2204 1068 2270 archidux
1085 2209 1215 2291 egregie
1232 2229 1304 2271 con-

107 2314 270 2377 firmasset
292 2322 326 2376 et
347 2313 489 2377 animum
511 2311 554 2376 ad
577 2310 783 2376 retinendum
806 2309 926 2375 bonum
948 2333 987 2375 ac
1004 2313 1092 2396 pium
1107 2313 1304 2398 propositum

107 2415 299 2499 addidisset,
339 2416 380 2480 de
413 2418 620 2480 concessione
654 2415 810 2480 libertatis
844 2417 877 2479 in
912 2414 1065 2499 religione
1099 2419 1132 2479 in
1170 2417 1303 2480 comitiis

108 2522 373 2607 hinraepontanis
394 2522 482 2587 iacta
502 2521 650 2607 pluribus
672 2523 733 2605 egi.
765 2520 862 2585 Circa
881 2542 988 2606 quam,
1011 2519 1086 2585 licet
1109 2521 1140 2587 S.
1159 2520 1253 2587 Seri⁸⁸
1268 2544 1302 2586 se

107 2636 300 2692 excusasset
319 2626 418 2712 idque
432 2648 497 2691 non
514 2648 573 2691 sua
588 2625 646 2691 sed
662 2625 905 2711 provincialium
922 2647 1051 2689 suorum
1069 2624 1164 2711 culpa
1179 2626 1299 2691 factum

107 2732 254 2809 dixisset,
278 2733 333 2817 qui
356 2734 424 2796 eins
445 2731 545 2796 verba
565 2732 677 2796 maiori
701 2752 743 2793 ex
759 2740 851 2815 parte
866 2730 959 2794 aliter
974 2731 1184 2816 interpretati,
1209 2751 1303 2795 secus

107 2839 206 2901 etiam
234 2857 332 2920 quam
362 2846 507 2901 senserat
535 2837 568 2899 in
597 2836 715 2919 vulgus
743 2836 920 2919 sparserint
942 2856 981 2897 ac
1005 2836 1123 2919 scripto
1146 2835 1210 2898 suis
1234 2856 1303 2919 pro·

108 2942 188 3028 priis
208 2942 310 3025 signis
332 2938 490 3005 ratificato
511 2940 577 3004 hnc
600 2939 738 3025 illucque
760 2937 1066 3023 promulgaverint.³
1094 2938 1166 3019 Quo
1181 2939 1303 3003 factum

108 3049 158 3129 sit,
189 3055 227 3110 nt
256 3044 418 3130 aliquibus
444 3046 477 3108 in
499 3044 578 3109 locis
599 3043 745 3108 homines
768 3043 844 3107 date
867 3045 1035 3107 occasione
1058 3053 1184 3107 utentes
1207 3041 1303 3106 rebus

109 3152 143 3215 in
164 3150 322 3233 religione
343 3152 436 3213 novis
459 3148 590 3213 studere
613 3150 787 3234 coeperint,
819 3146 1020 3234 adquorum
1043 3158 1151 3212 tamen
1182 3147 1303 3232 aliquos

109 3254 142 3321 S.
159 3255 256 3321 Serl'·
269 3253 379 3318 literas
401 3252 537 3335 dederit,
559 3263 595 3317 ut
618 3251 782 3316 abstinere
806 3275 845 3315 ac
869 3250 1022 3315 desistere
1046 3251 1197 3315 vellent.⁴

214 3357 447 3423 Nichilominus
477 3357 603 3422 ostendi
633 3357 853 3421 necessarium
885 3376 965 3439 esse,
996 3366 1032 3419 ut
1055 3355 1087 3420 S.
1105 3354 1199 3419 Sera
1214 3350 1304 3439 qnid-

110 3461 190 3548 quid
218 3460 435 3548 provinciales
464 3464 513 3525 sui
543 3463 576 3525 in
606 3461 711 3525 lucem
742 3461 914 3541 emiserint,
945 3458 979 3523 id
1003 3460 1108 3545 ipsum
1131 3466 1241 3543 aperte
1265 3478 1304 3521 ec

108 3565 217 3652 palam
247 3576 381 3630 revocet
410 3574 442 3630 et
472 3564 644 3648 rescindat,
678 3566 849 3650 presertim
880 3586 953 3628 cum
982 3563 1026 3628 illi
1058 3584 1100 3627 ex
1130 3560 1238 3625 verbis
1270 3560 1302 3627 S.

109 3669 201 3735 serr·
215 3667 392 3755 supradicti
412 3671 522 3755 scripti
542 3672 745 3733 occasionem
771 3670 966 3753 acceperint,
990 3669 1141 3753 piamque
1164 3674 1304 3731 mentem

151 3844 162 3876 ¹
181 3845 249 3896 Duas
272 3845 320 3895 der
336 3845 419 3910 Papst
440 3844 522 3895 sehon
545 3846 581 3894 im
604 3843 754 3909 Frtthjehre
774 3843 842 3893 1578
864 3858 917 3894 von
940 3842 991 3893 den
1010 3841 1206 3893 concessiones
1224 3839 1304 3891 Karls

180 3933 278 3983 Kunde
296 3930 418 3982 erhalten
436 3930 520 3993 hatte,
536 3930 608 3981 sieht
626 3946 688 3981 man
706 3946 756 3981 aus
773 3930 819 3980 Νι.
836 3934 857 3980 1.

151 4020 228 4070 'Nn
248 4022 272 4068 1.

149 4104 162 4135 ²
181 4107 236 4157 Das
248 4108 285 4157 ist
294 4106 341 4157 die
352 4105 491 4156 stcirische
502 4104 812 4171 Religionspacitication
825 4104 865 4154 ed.
880 4103 1001 4164 Loserth,
1020 4102 1304 4167 Vertffentlichungen

181 4194 228 4244 der
249 4193 426 4244 historischen
448 4192 725 4243 Landeacommission
748 4192 791 4241 sur
813 4190 975 4242 Steiermsrlr
999 4190 1021 4251 l,
1045 4190 1114 4243 Grac
1143 4190 1217 4239 1896.
1253 4189 1305 4240 Die

179 4282 334 4332 mtindliehe
352 4282 457 4346 Znsege
474 4279 521 4331 des
538 4280 704 4344 Eraheraogs
722 4280 747 4330 S.
761 4280 872 4329 89-92.

150 4368 162 4399 ⁴
179 4370 231 4419 Die
255 4375 344 4419 ersten
362 4368 471 4418 Erlisse
493 4382 578 4433 gegen
602 4366 655 4417 den
673 4366 908 4415 Protestantismus
931 4364 959 4413 in
978 4362 1088 4414 Stiidten
1107 4363 1163 4413 und
1181 4360 1305 4414 Mtirlrten

179 4455 263 4506 fallen
281 4454 353 4506 anch
371 4454 496 4504 withlich
513 4454 542 4503 in
560 4453 608 4503 dus
625 4452 694 4504 Jahr
708 4453 784 4502 1578.
813 4452 865 4502 Um
884 4450 928 4501 die
940 4450 1112 4516 Bssorgnisse
1130 4464 1223 4516 wegen
1235 4450 1305 4502 Gora

180 4558 214 4592 sn
236 4550 400 4603 serstrenen,
421 4540 531 4591 wurden
553 4544 662 4605 drenge
679 4538 873 4604 Veriugnngen
896 4536 1036 4603 getroffen,
1059 4552 1079 4587 a.
1098 4542 1182 4587 nuten
1201 4536 1245 4587 Nr.
1264 4537 1304 4595 12,

182 4631 224 4692 18,
240 4631 283 4693 20,
302 4630 344 4689 28,
363 4628 405 4677 25.
