3100 5025
244 223 307 289 136

241 436 312 478 nem
341 414 429 500 ipsos
459 413 497 477 iu
529 413 724 476 conscientie
746 411 844 477 nulle
866 411 1014 476 molestia
1036 411 1141 498 offeci,
1165 411 1215 475 ita
1233 413 1373 497 posthoc
1393 434 1432 476 ue

243 517 403 605 capillum
425 541 447 581 c
470 517 578 604 capite
600 517 735 581 illorum
758 515 958 582 abluturum.

344 624 430 688 Hinc
461 632 519 706 est,
548 632 583 687 nt
612 643 687 687 cum
716 623 868 709 princeps
889 643 976 686 nunc
997 620 1218 686 Lutherauum
1240 623 1429 686 exercitium

241 728 301 793 illis
327 726 480 812 inhibeat,
509 727 630 809 dicunt,
657 724 722 789 sibi
748 748 812 789 noa
834 725 925 790 modo
947 723 1126 790 molestiam
1148 725 1281 812 inferri,
1303 726 1359 789 sed
1380 749 1430 790 ue·

241 854 300 918 que
325 832 490 918 promissa
519 829 653 895 seruari.
700 829 820 896 Contra
849 853 927 896 vero
957 829 1131 916 respondet
1157 832 1307 916 princeps
1330 853 1431 895 reser-

240 959 335 1002 vasse
365 935 425 1001 sibi
455 937 596 1001 omnium
626 936 792 1000 civitatum
820 933 1058 1020 dispositionem
1081 936 1168 999 circe
1189 933 1376 1020 religionem
1397 943 1432 1000 et

239 1050 350 1127 aperte
383 1039 599 1122 mandavisse,
633 1049 669 1106 nt
701 1041 734 1104 in
765 1037 913 1104 omnibus
943 1041 1008 1104 suis
1039 1039 1220 1104 civitatibus
1249 1038 1338 1103 nulle
1364 1039 1430 1103 elia

239 1145 349 1230 religio
379 1167 440 1210 nec
468 1143 598 1230 publice
627 1166 689 1209 nec
719 1145 868 1229 privatim
900 1152 1107 1209 exerceretur
1141 1165 1237 1230 quem
1272 1141 1431 1208 catholice

239 1251 395 1334 Romane,
426 1257 459 1314 et
480 1257 605 1316 tantum
631 1247 758 1314 civibus
788 1259 820 1313 et
849 1247 1058 1335 popularibus
1087 1250 1269 1333 promisisse
1299 1269 1334 1311 se
1363 1269 1429 1312 non

240 1352 478 1440 compulsorum
506 1352 576 1417 illos
602 1351 645 1418 ad
672 1353 863 1418 exercitium
886 1350 1078 1417 catholicum
1100 1349 1331 1437 usurpandum,
1354 1351 1428 1417 hee-

239 1459 373 1523 reticum
395 1469 504 1523 tamen
526 1457 587 1522 illis
609 1456 821 1543 prohibuisse.
868 1443 870 1448 ’

341 1562 500 1627 Interim
523 1570 650 1626 temen
675 1562 741 1626 isti
770 1582 844 1625 non
870 1571 1010 1647 parent
1031 1560 1198 1645 decreto,
1221 1569 1255 1624 et
1274 1561 1429 1648 princeps

238 1670 337 1750 timet,
369 1689 410 1731 ne
440 1668 467 1731 si
496 1666 540 1731 ed
565 1665 746 1754 parendum
769 1688 886 1751 cogere
908 1666 995 1744 velit,
1020 1689 1040 1731 e
1062 1665 1348 1734 contributionibus
1373 1664 1426 1731 de·

236 1774 349 1836 sistant
381 1781 413 1835 et
445 1771 581 1857 populus
615 1769 810 1836 Graecensis
844 1771 1076 1835 contumaciter
1109 1768 1231 1856 aliquid
1267 1769 1425 1836 molietur.

236 1875 375 1941 Proinde
398 1874 532 1940 dubium
548 1875 746 1960 relinquitur,
770 1896 848 1939 num
864 1877 1016 1960 princeps
1031 1873 1154 1960 absque
1170 1873 1311 1961 periculo
1326 1878 1427 1960 possit

237 1981 403 2046 decreti
433 1983 658 2045 executionem
687 1989 822 2045 tentare.
869 1978 935 2045 Sed
963 1979 1114 2064 quonism
1144 1987 1244 2044 status
1275 1978 1425 2044 ecclesie·
1506 2031 1510 2040 .

236 2088 343 2170 sticus,
375 2083 461 2171 quod
488 2083 530 2147 ad
561 2083 812 2150 contributiones
842 2085 964 2166 attinet,
995 2081 1120 2147 nobiles
1142 2083 1278 2150 barones
1302 2092 1334 2148 et
1349 2085 1425 2148 civi-

235 2200 318 2254 tates
341 2211 451 2253 omnes
473 2188 568 2274 longe
590 2197 723 2272 superet
744 2197 777 2252 et
798 2189 1019 2273 paratissimus
1042 2208 1101 2251 sue
1123 2186 1355 2252 contributione
1371 2188 1424 2253 vel

235 2292 394 2360 nobilibus
424 2292 647 2358 recusantibus
674 2294 744 2378 pios
775 2293 928 2378 principis
959 2301 1092 2357 conatus
1114 2293 1237 2375 iuvare,
1264 2289 1341 2356 nihil
1364 2304 1424 2378 est,

236 2391 322 2485 quod
344 2400 494 2484 princeps
515 2399 549 2461 in
571 2395 693 2461 decreti
715 2399 906 2463 executione
922 2399 1042 2481 timeat,
1065 2397 1254 2483 praesertim
1270 2419 1343 2462 cum
1358 2399 1423 2464 iem

216 2503 358 2573 nobiles
388 2511 421 2567 et
449 2501 586 2566 barones
617 2503 744 2567 comitia
766 2501 964 2567 absolverint
986 2510 1018 2567 et
1041 2500 1279 2567 contribuerint.
1325 2499 1423 2583 Quod

236 2630 313 2673 vero
335 2606 378 2672 ad
405 2608 568 2671 civitatem
590 2606 811 2673 Graecensem
841 2608 962 2690 attinet,
994 2628 1057 2692 quo
1084 2609 1117 2672 in
1144 2614 1228 2671 statu
1251 2608 1301 2690 sit,
1324 2628 1437 2693 quem·

235 2714 390 2777 munitam
420 2721 452 2775 et
482 2710 621 2776 validam
651 2733 759 2776 arcem
782 2710 827 2776 ibi
851 2711 883 2777 S.
907 2711 1002 2777 sere·
1018 2710 1146 2794 hebeat,
1170 2733 1263 2776 nemo
1286 2712 1424 2796 ignoret,

234 2826 270 2881 ut
288 2815 423 2902 proinde
445 2815 568 2880 nullum
590 2818 623 2880 in
646 2820 836 2881 executione
858 2815 1037 2902 periculum
1058 2818 1165 2881 inesse
1188 2814 1348 2881 videatur
1381 2816 1427 2881 Et

235 2921 311 2985 lieet
339 2922 503 3004 ingenium
533 2920 709 2986 humanum
740 2919 919 2985 defuturis
942 2920 1020 2985 nihil
1042 2930 1130 2985 certe
1153 2928 1293 2985 statuere
1315 2922 1430 3006 possit,

237 3046 311 3087 cum
334 3033 442 3089 temen
464 3046 523 3089 sue
536 3023 700 3090 Oelsitudo
720 3026 924 3089 iustissimam
947 3046 1079 3089 causam
1099 3024 1218 3090 hebeat
1233 3034 1330 3111 atque
1345 3024 1427 3089 adeo

234 3130 267 3191 in
291 3127 355 3192 Dei
377 3128 581 3214 providentia
603 3127 768 3193 confidere
792 3128 919 3213 debeat,
945 3128 1119 3195 consultius
1142 3128 1174 3195 S.
1197 3128 1278 3195 Serti
1290 3128 1430 3213 videtur,

231 3242 268 3297 ut
289 3256 309 3297 a
331 3233 486 3318 pericu10,
509 3236 541 3298 in
565 3255 627 3319 qno
650 3254 737 3298 nune
759 3242 917 3317 versatur,
940 3234 1110 3299 manifesto
1133 3256 1167 3298 se
1191 3236 1313 3320 eripiet.

336 3338 418 3404 Sunt
452 3348 559 3402 autem
589 3360 785 3424 magnopere
807 3338 1095 3404 animadvertenda
1116 3338 1219 3403 verbe
1241 3362 1261 3403 s
1283 3339 1430 3426 principe

234 3464 356 3528 nuper
379 3452 416 3507 et
439 3452 619 3507 oretenus
642 3452 679 3507 et
700 3445 857 3528 scriptis
880 3442 1077 3508 nobilibus
1099 3442 1272 3507 omnibus
1294 3454 1430 3529 aperte

235 3543 390 3630 prolata
423 3566 462 3609 se
494 3544 606 3610 malle
638 3548 753 3611 vitam
783 3557 819 3611 et
849 3556 989 3612 statum
1019 3549 1195 3612 emittere
1227 3569 1336 3633 quam
1370 3548 1429 3613 de-

237 3658 387 3713 cretum
415 3648 654 3734 publicatum
683 3671 878 3715 revocare.
924 3650 1009 3716 Nam
1032 3654 1058 3716 si
1080 3651 1299 3717 retrocederet
1321 3661 1353 3717 et
1375 3675 1429 3717 ex·

241 3750 391 3836 equende
419 3774 484 3816 non
517 3762 655 3835 curaret,
690 3776 753 3839 que
787 3755 1013 3840 promulgavit,
1046 3778 1173 3820 onmem
1207 3758 1429 3822 auctoritatem

242 3856 574 3943 existimationemque
597 3857 685 3943 apud
707 3857 853 3924 subditos
875 3861 1043 3924 emitteret.
1082 3859 1165 3925 Cum
1187 3862 1285 3945 igitur
1307 3884 1349 3925 ex
1364 3880 1430 3925 une

238 3970 330 4046 parte
352 3971 476 4027 certum
507 3966 555 4046 sit,
590 3962 658 4028 fore
688 3974 733 4047 ut,
764 3967 791 4029 si
822 3964 992 4029 conatibus·
1018 3963 1254 4029 haereticorum
1283 3986 1346 4029 non
1376 3964 1430 4030 ob·

240 4067 378 4149 sistatur,
409 4076 549 4151 potestas
575 4069 730 4154 principis
751 4068 935 4155 temporalis
958 4079 990 4135 et
1012 4069 1121 4155 religio
1146 4067 1302 4134 catholice
1324 4078 1430 4134 extre-

240 4191 328 4234 mum
358 4173 491 4236 exitium
520 4172 627 4257 adest,
659 4195 701 4237 ex
730 4172 793 4237 elie
823 4196 902 4238 vero
924 4183 1027 4260 parte,
1051 4196 1125 4239 cum
1148 4172 1180 4239 S.
1205 4173 1299 4239 Ser*
1319 4172 1430 4238 inille

241 4273 441 4341 sublevanda
463 4279 641 4341 maximum
664 4300 698 4341 se
721 4278 901 4363 periculum
924 4279 1032 4344 subire
1056 4280 1226 4362 existimet,
1250 4278 1362 4342 merito
1385 4278 1428 4342 ad

241 4400 314 4444 eum
345 4381 495 4467 confugit,
527 4383 581 4466 qui
613 4403 677 4445 non
706 4380 809 4447 solum
839 4391 938 4469 caput
967 4392 1014 4447 est
1044 4404 1122 4447 suae
1152 4380 1291 4447 familiae
1314 4402 1429 4447 verum

242 4486 337 4551 etiem
360 4488 529 4551 universae
553 4486 723 4551 cristianae
745 4486 943 4574 reipublicae
965 4486 1147 4573 temporale.
