3100 5025
1248 325 1288 390 57

203 515 377 596 Quaedam
401 515 568 581 baronissa
590 515 789 602 Lutherana,
817 516 1018 582 dominorum
1048 517 1291 603 provincialium

101 620 218 686 auxilio
241 620 332 705 fulta,
359 644 420 708 per
442 620 607 686 biennium
630 621 820 708 etamplius
842 621 1056 709 impediverat
1078 622 1108 687 d.
1132 625 1290 709 praeposi-

100 737 167 790 tum
188 725 403 810 Gureensem,
427 747 467 790 ne
489 735 598 812 posset
621 725 785 812 quandam
807 725 1008 812 parrochiam
1033 749 1133 812 suam,
1157 726 1197 791 de
1228 749 1292 813 qua

99 829 278 917 litigabant,
306 833 439 895 visitare
469 840 501 895 et
531 854 574 896 ex
605 853 644 896 ea
674 830 897 897 Lutheranum
928 834 1041 897 eicere.
1088 831 1185 914 Quod
1219 855 1292 896 cum

99 933 261 999 archidux
280 937 494 1021 cognovisset,
517 958 750 1022 perseverum
773 934 940 1001 decretum
963 935 1121 1002 adiunctis
1144 947 1176 1002 et
1198 937 1292 1001 minis

100 1049 131 1103 et
161 1041 273 1124 poenis
303 1040 480 1124 mandavit,
510 1050 547 1106 ut
578 1039 706 1105 domino
736 1041 898 1126 proposito
928 1063 1019 1106 suam
1042 1040 1292 1107 ecclesiasticam

100 1143 352 1208 iurisdictionem
374 1143 570 1230 relinqueret
591 1143 737 1228 liberam,
765 1155 798 1210 at
820 1144 874 1209 illa
895 1144 1009 1210 videns
1032 1167 1101 1211 rem
1124 1149 1177 1232 agi
1199 1147 1292 1230 serio,

99 1248 235 1312 modam
257 1251 364 1334 cessit,
387 1271 428 1314 ne
451 1248 635 1315 archiducis
656 1249 912 1336 indignationem
934 1251 1122 1316 incurreret.

205 1353 390 1440 Coeperant
419 1354 551 1440 quidam
582 1352 702 1420 domini
732 1355 947 1442 provinciales
977 1354 1131 1441 templum
1159 1356 1294 1422 haereti-

99 1481 175 1522 cum
196 1461 230 1522 in
254 1459 382 1544 proprio
404 1457 503 1523 fundo
526 1457 729 1545 aedificare,¹
753 1473 788 1524 ut
809 1462 842 1524 in
865 1481 903 1524 eo
926 1462 1096 1526 conciones
1111 1459 1293 1526 haereticae

99 1563 219 1627 fierent
240 1573 273 1626 et
295 1562 338 1627 ab
361 1562 532 1628 haereticis
554 1574 759 1629 sacramenta
782 1563 1012 1630 conferrentur.
1058 1565 1100 1630 Et
1122 1565 1209 1631 huno
1238 1567 1293 1631 im·

100 1670 190 1753 pium
213 1666 340 1732 illorum
364 1679 515 1734 conatum
536 1667 713 1756 impedivit.

207 1771 332 1837 Graetii
355 1771 474 1837 domini
496 1773 710 1860 provinciales
732 1783 821 1839 motu
843 1775 972 1861 proprio
987 1774 1235 1862 typographiam
1250 1776 1294 1840 in·

100 1880 288 1954 stituerunt,
309 1887 345 1942 ut
359 1877 551 1964 haerc(tioa)
568 1890 749 1944 commenta
771 1901 839 1962 sua,
863 1878 992 1965 quando
1014 1878 1143 1964 vellent,
1166 1889 1295 1964 possent

100 1983 296 2067 imprimere.
327 1982 423 2046 Hanc
446 1993 478 2046 et
500 1981 663 2068 prohibuit
685 1984 832 2069 serioque
855 1982 1031 2067 mandavit,
1055 2006 1095 2048 ne
1119 1981 1294 2070 quidquam

100 2086 227 2172 absque
251 2085 342 2152 Ser‘ss
357 2085 390 2150 S.
415 2108 574 2151 consensu
597 2089 696 2173 possit
717 2089 865 2172 imprimi.
922 2149 925 2155 .

206 2191 251 2256 Et
282 2193 430 2276 quamvis
460 2193 501 2255 sit
531 2191 708 2256 exhaustus
738 2201 770 2256 et
804 2193 930 2277 magnis
964 2189 1081 2256 debitis
1115 2191 1295 2277 obaeratus,

101 2299 185 2362 serio
212 2305 322 2360 tamen
344 2317 432 2360 nunc
454 2297 597 2359 animum
619 2295 737 2360 adiecit
758 2294 802 2360 ad
825 2297 1030 2361 seminarium
1053 2317 1095 2360 ex
1119 2319 1176 2362 sua
1197 2295 1296 2360 bursa

100 2400 290 2486 fovendum,
314 2422 377 2486 quo
399 2399 525 2465 facilius
548 2400 686 2464 ecclesia
708 2403 846 2465 iuvetur.

207 2505 367 2572 Omnibus
391 2504 574 2570 civitatibus
597 2507 663 2569 suis
686 2528 745 2591 per
769 2503 901 2571 decreta
931 2503 1106 2591 mandavit,
1138 2529 1179 2571 ne
1210 2507 1296 2571 cives

101 2620 236 2697 possent
266 2608 376 2695 filios)
407 2632 482 2675 suos
510 2609 554 2675 ad
577 2610 812 2675 haereticorum
836 2610 962 2675 scholas
985 2610 1138 2697 ablegare
1161 2610 1220 2676 sed
1242 2632 1296 2675 eos

102 2716 274 2781 Graetium
296 2712 338 2777 ad
361 2712 631 2800 archid(u)calem
654 2717 814 2780 societatis
837 2714 979 2780 scholam
1003 2716 1159 2782 mittant.⁹

208 2818 400 2903 Catholicos,
432 2819 487 2906 qui
516 2820 635 2904 passim
665 2819 708 2883 ab
738 2819 907 2884 haereticis
937 2820 1112 2885 irridentur
1139 2830 1170 2885 et
1197 2822 1298 2908 oppri-

103 2934 246 3007 muntur,
269 2924 390 3010 ius(sit)
414 2923 589 3007 admoneri,
622 2935 657 2987 ut
679 2923 878 2989 confidenter
900 2934 1080 3011 proponant
1110 2927 1299 3011 gravamina

103 3052 173 3113 sua,
199 3026 286 3114 quod
309 3051 364 3093 eos
386 3026 526 3113 c(ontra)
549 3027 728 3092 haereticos
751 3039 881 3093 strenue
905 3029 1081 3094 defendere
1104 3030 1190 3095 volit.

209 3133 301 3217 Erga
321 3131 527 3197 Lutheranos
556 3134 621 3196 iam
650 3135 695 3197 ita
725 3155 761 3197 se
791 3136 883 3219 gerit,
915 3142 950 3197 ut
976 3132 1157 3219 intelligunt
1179 3156 1214 3199 se
1236 3157 1299 3199 non

105 3261 149 3300 a.
170 3290 177 3300 .
195 3289 202 3301 .
219 3258 292 3301 esse
308 3247 417 3322 gratos
433 3235 500 3301 sed
515 3257 585 3300 nec
608 3236 725 3301 facile
747 3236 983 3319 tolerandos,
1007 3237 1158 3323 quando
1180 3240 1300 3324 possit

106 3341 222 3406 alitor
244 3341 345 3405 fieri.
390 3339 554 3406 Volebat
576 3340 728 3426 quidem
752 3340 901 3426 aliquid
932 3350 1140 3427 attentare,
1171 3352 1211 3407 ut
1232 3342 1299 3405 Lu-

106 3447 259 3511 therani
283 3444 605 3531 conciona(tores)
630 3444 788 3511 Grastio
816 3444 1072 3531 pellerentur,
1096 3445 1154 3511 sed
1176 3446 1236 3511 fuit
1256 3446 1299 3511 illi

106 3550 301 3633 dissuasum,
331 3573 405 3615 cum
434 3552 522 3614 vires
551 3548 777 3635 suffi(cientes)
806 3550 901 3615 modo
925 3572 988 3614 non
1011 3549 1140 3633 habeat,
1163 3574 1204 3615 ne
1228 3574 1299 3616 con-

105 3658 247 3740 tingeret
274 3654 395 3740 aliquid
425 3658 525 3740 peius.
571 3655 655 3719 Nam
680 3654 805 3719 Grastii
836 3656 1020 3740 paucissimi
1051 3666 1126 3719 sunt
1153 3655 1300 3721 catholici

106 3771 140 3826 et
161 3762 276 3824 civitas
298 3769 364 3823 tota
387 3770 537 3845 corrupta
559 3768 618 3841 est,
642 3768 675 3822 et
695 3758 821 3823 illorum
844 3760 1085 3824 concionatores
1108 3769 1183 3824 sunt
1204 3760 1300 3825 valde

107 3864 260 3929 seditiosi.
306 3863 464 3928 Dominus
486 3864 583 3929 Jesus
607 3872 667 3927 etc.
691 3863 839 3927 Viennae
865 3863 913 3927 16.
931 3861 1052 3949 Aprilis
1072 3863 1163 3929 1580.
1214 3912 1216 3915 -

442 4022 481 4086 R.
502 4022 538 4086 P.
560 4021 705 4086 Vtilius
728 4020 969 4106 indignissimus

841 4179 1003 4243 Hemicus
1026 4178 1259 4266 Blyssemius.³

156 4354 165 4385 ¹
183 4356 208 4406 S.
226 4355 271 4406 die
289 4356 359 4406 Note
377 4372 410 4407 au
428 4354 476 4406 der
493 4354 636 4419 folgenden
653 4354 783 4405 Nummer
801 4353 856 4403 und
874 4356 943 4405 oben
962 4354 1008 4406 Nr.
1022 4356 1066 4405 31.

153 4440 369 4510 ’Desgleichen

155 4528 168 4559 ⁸
184 4531 295 4581 Nahezu
316 4530 371 4581 alle
387 4530 495 4581 Pnnlrte
519 4530 606 4581 dieses
624 4528 785 4581 Schreibens
808 4528 897 4580 finden
915 4528 998 4579 durch
1017 4528 1072 4579 und
1090 4530 1119 4579 in
1137 4529 1183 4579 Νι.
1198 4530 1301 4579 atr-36

182 4618 240 4669 ihre
258 4618 442 4683 Bestitigung.
