3100 5025
1212 370 1275 437 257

184 559 297 640 Quare
327 559 376 625 his
406 560 555 625 omnibus
584 561 630 626 ita
659 564 720 626 rite
750 563 928 626 constitutis
952 571 984 626 et
1006 561 1184 627 observatis
1207 585 1276 649 spe·

76 664 216 728 randum
248 667 376 730 omnino
406 675 456 730 est
484 664 671 749 religionem
701 675 844 730 nostram
872 665 1064 732 catholicam
1086 666 1151 732 tale
1175 669 1276 733 incre-

74 779 221 833 mentum
251 767 345 833 brevi
374 768 569 854 habituram,
598 778 635 833 ut
663 771 834 855 pristinum
865 779 983 835 statum
1006 771 1102 856 plane
1125 781 1274 837 assecuta

75 895 145 937 esse
177 873 328 938 omnibus
357 872 529 957 videbitur,
560 883 593 938 et
620 876 665 938 ita
686 873 823 938 fortasse
846 873 925 938 nihil
948 896 1028 960 opus
1051 877 1112 939 erit
1133 877 1275 941 maxime

74 976 123 1041 bis
145 976 430 1042 turbulentissimis
452 977 652 1065 temporibus
674 977 784 1064 plures
806 977 918 1043 turbas
935 981 1080 1044 excitare
1096 979 1154 1044 sed
1169 981 1275 1066 potius

74 1103 209 1168 operam
233 1081 313 1152 dare
335 1105 375 1146 ac
398 1085 485 1166 eniti,
507 1091 544 1148 ut
564 1105 664 1148 aurea
685 1082 740 1146 illa
762 1081 872 1147 secula
894 1085 926 1148 in
949 1083 1009 1148 has
1030 1093 1139 1170 partes
1161 1084 1275 1151 reduci

73 1188 179 1251 omnis
208 1185 392 1251 diffidentia
419 1189 609 1270 animorum,
640 1208 725 1273 quae
755 1189 819 1251 iam
849 1187 891 1252 ab
920 1191 1052 1274 antiquo
1073 1199 1217 1275 tempore
1241 1191 1272 1254 iu

2 1296 3 1307 ¹
72 1293 198 1355 animos
222 1291 386 1356 hominum
408 1293 547 1377 irrepsit,
570 1290 714 1356 funditus
737 1291 832 1356 evelli
854 1314 895 1356 ac
918 1315 970 1358 res
993 1315 1104 1358 omnes
1124 1315 1162 1358 eo
1178 1293 1273 1379 dirigi

73 1398 208 1480 possint,
239 1405 276 1460 ut
297 1397 437 1481 primum
459 1393 561 1481 gloria
583 1396 657 1480 Dei,
688 1396 852 1481 religionis
876 1395 1053 1461 catholicae
1074 1400 1272 1462 restitutione

73 1501 260 1585 propagsli,
283 1508 396 1586 postea
419 1509 553 1565 conatus
575 1499 706 1564 Turcici
729 1502 923 1566 unanimiter
945 1500 1073 1566 retundi
1097 1503 1196 1566 etsie
1219 1524 1272 1588 pa·

2 1624 3 1699 }
71 1606 132 1668 tria
162 1605 236 1689 ipsa
266 1603 452 1668 dulcissima
481 1604 540 1669 abs
569 1625 681 1669 eorum
710 1605 883 1691 tyrannide
914 1605 1046 1669 ulterius
1069 1605 1130 1670 sub
1154 1605 1273 1671 Christi

72 1707 194 1772 domiui
218 1708 373 1793 trophaeo
397 1711 582 1774 conservari
604 1712 713 1795 possit.
745 1710 795 1774 Ita
818 1719 926 1774 tamen
942 1719 977 1774 ut
992 1709 1100 1776 Serfffl
1125 1709 1271 1776 domiuus

3 3691 6 3798 l

71 1812 235 1879 archidux
262 1815 360 1878 etiam
380 1814 515 1879 ulterius
536 1813 771 1899 progrediatur,
805 1825 837 1879 et
859 1817 999 1880 maxime
1022 1817 1049 1880 si
1071 1839 1141 1880 rem
1164 1815 1200 1880 C.
1217 1815 1271 1879 Me

70 1919 103 1981 in
125 1917 263 1982 Austris
284 1917 369 1982 bene
399 1920 593 1983 successisse
622 1918 743 1983 viderit
770 1940 811 1982 ac
833 1941 872 1984 ea
895 1917 1003 1983 media
1026 1928 1140 1985 nactus
1163 1918 1269 2002 fuerit,

71 2020 189 2107 quibus
204 2021 238 2087 S.
255 2021 351 2087 Ser*
372 2021 452 2087 illud
474 2025 581 2109 ipsum
603 2022 656 2087 vel
678 2022 815 2108 amplius
839 2025 934 2088 etiarn
957 2033 1026 2088 tuto
1049 2032 1081 2088 et
1104 2025 1172 2088 sine
1188 2025 1271 2110 peri-

71 2125 143 2190 culo
166 2127 298 2190 maioris
321 2126 431 2190 damni
452 2135 578 2191 tentare
600 2128 726 2213 poterit,
750 2128 783 2190 iu
806 2149 843 2192 eo
867 2125 946 2191 nihil
968 2126 1065 2213 plane
1087 2152 1108 2192 a
1130 2149 1165 2192 se
1189 2127 1270 2192 desi-

72 2227 181 2294 derari
210 2231 361 2315 patiatur,
392 2229 451 2294 sed
480 2233 593 2317 pocius
622 2233 729 2296 omnia
757 2230 923 2316 possibilia
952 2233 996 2296 ita
1025 2240 1132 2296 macte
1158 2233 1269 2297 virtuti

69 2335 248 2420 pietatique
277 2343 430 2421 praestet,
460 2343 496 2400 ut
525 2337 558 2400 in
584 2336 696 2421 primis
719 2334 750 2402 S.
768 2335 827 2400 S*
850 2334 969 2400 deinde
992 2358 1102 2400 omnes
1124 2334 1270 2401 homines

69 2438 193 2525 liquido
214 2437 404 2525 intelligent,
431 2438 511 2503 nihil
532 2437 593 2502 sibi
616 2438 736 2504 honore
760 2447 793 2504 et
815 2440 917 2526 gloria
940 2439 1004 2505 Dei
1026 2439 1269 2527 catholicaeque

72 2554 198 2609 nostrae
221 2544 385 2630 religionis
408 2546 638 2609 instauratione
661 2546 825 2630 antiquius
847 2546 946 2611 fuisse
970 2557 1002 2611 et
1024 2546 1168 2611 futurum
1188 2567 1270 2611 sem·

72 2670 136 2733 per.
176 2647 268 2713 Laus
290 2648 374 2713 Deo.

238 2806 306 2855 Beil.
320 2820 354 2857 an
371 2805 432 2857 dem
449 2806 596 2857 Schrciben
614 2806 768 2873 Erzlrertog
787 2806 866 2857 llarls
884 2822 918 2857 an
937 2806 989 2857 dou
1008 2808 1096 2874 Pspst.

592 3138 597 3145 ,
634 3066 706 3133 129.

70 3241 200 3309 Baias
213 3243 269 3309 des
283 3242 465 3309 Gesaadten
480 3242 630 3325 Biacbofs
643 3241 813 3325 Christopb
833 3264 894 3309 vert
909 3244 1000 3309 Gcrlc
1022 3265 1066 3307 aa
1088 3244 1147 3307 dea
1163 3242 1265 3323 Papst

127 3348 207 3414 ster
228 3347 282 3413 die
296 3346 464 3430 politisebe
484 3346 572 3431 tayo
593 3346 885 3413 Ianerltsterreiehs.
924 3351 1009 3413 1581
1032 3346 1130 3429 April
1152 3352 1204 3415 20.

390 3514 486 3579 (L.·s.,
503 3514 561 3565 Rei.
574 3512 699 3565 Berichte
717 3530 752 3564 an
770 3512 822 3563 dan
841 3513 943 3581 Pspst.)

170 3694 211 3759 L'
224 3694 330 3759 officio
360 3692 393 3759 di
422 3694 525 3781 padre
547 3717 566 3759 e
589 3705 719 3781 pastore
740 3694 934 3782 universale,
967 3695 1027 3760 che
1050 3718 1109 3781 per
1131 3694 1263 3780 disposi-

65 3802 150 3865 tione
183 3799 215 3863 d'
229 3798 323 3865 Iddio
350 3800 437 3865 tiene
460 3800 493 3865 S.
510 3799 558 3864 Sl·
583 3801 718 3883 ricerca,
743 3799 804 3864 che
827 3799 849 3863 il
872 3800 966 3865 Sermo
989 3798 1144 3865 arciduca
1167 3798 1262 3865 Cnrlo

65 3908 163 3990 rongi
186 3906 207 3967 h
230 3902 355 3989 esporle
378 3903 399 3967 il
421 3913 504 3968 stato
530 3903 713 3968 miserabile
744 3903 829 3969 delle
859 3906 1018 3989 provintie
1049 3926 1117 3987 suo,
1146 3903 1262 3990 poiche

64 4010 85 4074 il
107 4010 228 4092 danne,
259 4008 320 4073 che
349 4010 453 4093 potria
480 4010 618 4094 seguire‚
649 4010 861 4073 ceommune
885 4008 915 4072 al
946 4008 1199 4091 christianesm0‚
1230 4017 1263 4072 et

65 4137 122 4199 per
151 4114 184 4178 la
214 4114 337 4196 rosina,
368 4113 429 4177 ohe
458 4112 611 4199 impende
640 4112 703 4177 alla
730 4112 885 4199 religione
908 4112 1075 4197 catholica,
1106 4122 1138 4177 ot
1159 4134 1219 4198 per
1240 4112 1262 4176 il

64 4217 206 4304 pericolo
235 4219 291 4303 piu
318 4216 469 4282 evidente
492 4216 545 4282 del
567 4217 664 4302 adito,
696 4216 756 4282 che
780 4220 805 4281 si
828 4240 891 4303 puo
914 4216 993 4281 dare
1016 4217 1078 4281 alla
1100 4216 1261 4281 tirannide

65 4322 116 4387 del
139 4322 266 4405 'l'urco;
295 4320 326 4385 lo
356 4322 456 4386 invita
478 4320 583 4386 ancho
606 4324 627 4385 h
648 4322 831 4386 ricorrer'h
853 4320 885 4385 S.
904 4320 952 4387 Sl·
973 4320 1005 4384 la
1027 4343 1150 4386 somma
1173 4320 1259 4385 beni-

64 4430 153 4512 gnita
176 4449 195 4491 e
217 4434 353 4512 paterno
374 4426 495 4511 stistte,
518 4426 568 4491 col
591 4425 686 4512 qualo
708 4425 751 4491 ha
773 4448 900 4511 sempre
923 4425 1130 4490 abbracoiato
1146 4424 1178 4490 S.
1192 4423 1258 4489 ΑΨ

6 4551 7 4574 l
65 4530 159 4595 Onde
189 4529 328 4613 confide,
359 4529 420 4595 ohe
450 4532 482 4595 in
510 4542 622 4617 questo
645 4532 837 4616 importante
861 4550 936 4594 caso
959 4529 1081 4594 habbia
1104 4552 1168 4594 non
1191 4528 1258 4593 solo

6 4637 7 4654 ¹
66 4634 204 4701 secondo
227 4634 249 4699 il
272 4635 362 4699 solito
384 4656 442 4699 suo
468 4634 737 4720 prudentemente
759 4638 780 4699 la
803 4632 1017 4717 considerare,
1049 4642 1169 4718 quanto
1199 4653 1259 4716 per

114 4747 223 4789 vorren.
241 4746 270 4791 ll.
281 4746 346 4789 atah.
366 4746 404 4787 m.
414 4746 440 4787 11.
1070 4739 1100 4787 l'l
