<?xml version="1.0" encoding="UTF-8"?>
<!DOCTYPE html PUBLIC "-//W3C//DTD XHTML 1.0 Transitional//EN"
    "http://www.w3.org/TR/xhtml1/DTD/xhtml1-transitional.dtd">
<html xmlns="http://www.w3.org/1999/xhtml" xml:lang="en" lang="en">
 <head>
  <title>
</title>
<meta http-equiv="Content-Type" content="text/html;charset=utf-8" />
  <meta name='ocr-system' content='tesseract 3.04.00' />
  <meta name='ocr-capabilities' content='ocr_page ocr_carea ocr_par ocr_line ocrx_word'/>
</head>
<body>
  <div class='ocr_page' id='page_1' title='image "./relationenvenet12fiedgoog/relationenvenet12fiedgoog_0346.png"; bbox 0 0 3100 5025; ppageno 0'>
   <div class='ocr_carea' id='block_1_1' title="bbox 239 299 303 364">
    <p class='ocr_par' dir='ltr' id='par_1_1' title="bbox 239 299 303 364">
     <span class='ocr_line' id='line_1_1' title="bbox 239 299 303 364; baseline 0.016 -1"><span class='ocrx_word' id='word_1_1' title='bbox 239 299 303 364; x_wconf 79' lang='lat'><strong>246</strong></span> 
     </span>
    </p>
   </div>
   <div class='ocr_carea' id='block_1_2' title="bbox 237 488 1441 4629">
    <p class='ocr_par' dir='ltr' id='par_1_2' title="bbox 237 488 1441 682">
     <span class='ocr_line' id='line_1_2' title="bbox 237 488 1441 578; baseline -0.004 -22"><span class='ocrx_word' id='word_1_2' title='bbox 237 493 428 578; x_wconf 88' lang='lat' dir='ltr'><strong>praesertim</strong></span> <span class='ocrx_word' id='word_1_3' title='bbox 452 513 525 555; x_wconf 89' lang='lat' dir='ltr'><strong>oum</strong></span> <span class='ocrx_word' id='word_1_4' title='bbox 548 498 727 576; x_wconf 88' lang='lat' dir='ltr'><strong>spectatum</strong></span> <span class='ocrx_word' id='word_1_5' title='bbox 750 492 792 554; x_wconf 91' lang='lat' dir='ltr'><strong>sit</strong></span> <span class='ocrx_word' id='word_1_6' title='bbox 812 488 981 554; x_wconf 90' lang='lat' dir='ltr'><strong>nonnullos</strong></span> <span class='ocrx_word' id='word_1_7' title='bbox 1003 512 1046 554; x_wconf 87' lang='lat' dir='ltr'><strong>ex</strong></span> <span class='ocrx_word' id='word_1_8' title='bbox 1069 489 1130 554; x_wconf 93' lang='lat' dir='ltr'><strong>illis</strong></span> <span class='ocrx_word' id='word_1_9' title='bbox 1145 489 1359 574; x_wconf 84' lang='lat' dir='ltr'><strong>qualicunque</strong></span> <span class='ocrx_word' id='word_1_10' title='bbox 1374 509 1441 551; x_wconf 82' lang='lat' dir='ltr'><strong>sua</strong></span> 
     </span>
     <span class='ocr_line' id='line_1_3' title="bbox 238 595 1369 682; baseline -0.003 -23"><span class='ocrx_word' id='word_1_11' title='bbox 238 619 298 682; x_wconf 92' lang='lat' dir='ltr'><strong>ope</strong></span> <span class='ocrx_word' id='word_1_12' title='bbox 322 597 428 662; x_wconf 80' lang='lat' dir='ltr'>Gallie</span> <span class='ocrx_word' id='word_1_13' title='bbox 451 605 484 660; x_wconf 93' lang='lat' dir='ltr'><strong>et</strong></span> <span class='ocrx_word' id='word_1_14' title='bbox 506 596 680 662; x_wconf 82' lang='lat' dir='ltr'><strong>Germanic</strong></span> <span class='ocrx_word' id='word_1_15' title='bbox 702 595 862 660; x_wconf 84' lang='lat' dir='ltr'><strong>inferioris</strong></span> <span class='ocrx_word' id='word_1_16' title='bbox 885 595 1090 678; x_wconf 89' lang='lat' dir='ltr'><strong>Ugonottis</strong></span> <span class='ocrx_word' id='word_1_17' title='bbox 1113 603 1240 680; x_wconf 89' lang='lat' dir='ltr'><strong>praesto</strong></span> <span class='ocrx_word' id='word_1_18' title='bbox 1262 595 1369 658; x_wconf 84' lang='lat' dir='ltr'><strong>fuisse.</strong></span> 
     </span>
    </p>

    <p class='ocr_par' dir='ltr' id='par_1_3' title="bbox 238 697 1439 1201">
     <span class='ocr_line' id='line_1_4' title="bbox 340 697 1439 785; baseline -0.005 -20"><span class='ocrx_word' id='word_1_19' title='bbox 340 699 508 765; x_wconf 91' lang='lat' dir='ltr'><strong>Praesidia</strong></span> <span class='ocrx_word' id='word_1_20' title='bbox 522 703 556 764; x_wconf 95' lang='lat' dir='ltr'><strong>in</strong></span> <span class='ocrx_word' id='word_1_21' title='bbox 579 699 725 765; x_wconf 91' lang='lat' dir='ltr'><strong>confiniis</strong></span> <span class='ocrx_word' id='word_1_22' title='bbox 746 701 851 785; x_wconf 89' lang='lat' dir='ltr'><strong>posita</strong></span> <span class='ocrx_word' id='word_1_23' title='bbox 873 697 987 785; x_wconf 89' lang='lat' dir='ltr'><strong>procul</strong></span> <span class='ocrx_word' id='word_1_24' title='bbox 1010 698 1109 763; x_wconf 90' lang='lat' dir='ltr'><strong>dubio</strong></span> <span class='ocrx_word' id='word_1_25' title='bbox 1131 700 1228 763; x_wconf 86' lang='lat' dir='ltr'><strong>etiam</strong></span> <span class='ocrx_word' id='word_1_26' title='bbox 1250 699 1282 761; x_wconf 91' lang='lat' dir='ltr'><strong>in</strong></span> <span class='ocrx_word' id='word_1_27' title='bbox 1306 719 1439 761; x_wconf 90' lang='lat' dir='ltr'><strong>omnem</strong></span> 
     </span>
     <span class='ocr_line' id='line_1_5' title="bbox 238 801 1438 889; baseline -0.003 -21"><span class='ocrx_word' id='word_1_28' title='bbox 238 813 391 869; x_wconf 84' lang='lat' dir='ltr'><strong>eventum</strong></span> <span class='ocrx_word' id='word_1_29' title='bbox 417 804 478 869; x_wconf 91' lang='lat' dir='ltr'><strong>illis</strong></span> <span class='ocrx_word' id='word_1_30' title='bbox 508 803 733 886; x_wconf 73' lang='lat' dir='ltr'><strong>adhaererent,</strong></span> <span class='ocrx_word' id='word_1_31' title='bbox 764 802 1029 889; x_wconf 87' lang='lat' dir='ltr'><strong>quandoquidem</strong></span> <span class='ocrx_word' id='word_1_32' title='bbox 1051 805 1112 888; x_wconf 90' lang='lat' dir='ltr'><strong>ipsi</strong></span> <span class='ocrx_word' id='word_1_33' title='bbox 1133 804 1179 868; x_wconf 86' lang='lat' dir='ltr'><strong>eis</strong></span> <span class='ocrx_word' id='word_1_34' title='bbox 1202 801 1358 866; x_wconf 87' lang='lat' dir='ltr'><strong>hactenus</strong></span> <span class='ocrx_word' id='word_1_35' title='bbox 1380 803 1438 866; x_wconf 83' lang='lat' dir='ltr'><strong>sti-</strong></span> 
     </span>
     <span class='ocr_line' id='line_1_6' title="bbox 238 905 1438 993; baseline -0.002 -21"><span class='ocrx_word' id='word_1_36' title='bbox 238 907 357 993; x_wconf 90' lang='lat' dir='ltr'><strong>pendia</strong></span> <span class='ocrx_word' id='word_1_37' title='bbox 379 930 490 972; x_wconf 89' lang='lat' dir='ltr'><strong>eorum</strong></span> <span class='ocrx_word' id='word_1_38' title='bbox 511 916 674 990; x_wconf 87' lang='lat' dir='ltr'><strong>curarunt,</strong></span> <span class='ocrx_word' id='word_1_39' title='bbox 698 906 754 971; x_wconf 92' lang='lat' dir='ltr'><strong>ubi</strong></span> <span class='ocrx_word' id='word_1_40' title='bbox 769 907 865 971; x_wconf 89' lang='lat' dir='ltr'><strong>etiam</strong></span> <span class='ocrx_word' id='word_1_41' title='bbox 882 905 1025 992; x_wconf 89' lang='lat' dir='ltr'><strong>quotidie</strong></span> <span class='ocrx_word' id='word_1_42' title='bbox 1041 909 1200 971; x_wconf 81' lang='lat' dir='ltr'><strong>existente</strong></span> <span class='ocrx_word' id='word_1_43' title='bbox 1215 906 1352 991; x_wconf 88' lang='lat' dir='ltr'><strong>pecunia</strong></span> <span class='ocrx_word' id='word_1_44' title='bbox 1367 927 1438 970; x_wconf 92' lang='lat' dir='ltr'><strong>non</strong></span> 
     </span>
     <span class='ocr_line' id='line_1_7' title="bbox 238 1009 1439 1098; baseline -0.001 -22"><span class='ocrx_word' id='word_1_45' title='bbox 238 1010 493 1076; x_wconf 77' lang='lat' dir='ltr'><strong>contemnendae</strong></span> <span class='ocrx_word' id='word_1_46' title='bbox 516 1014 628 1098; x_wconf 83' lang='lat' dir='ltr'><strong>copiae</strong></span> <span class='ocrx_word' id='word_1_47' title='bbox 658 1011 820 1075; x_wconf 79' lang='lat' dir='ltr'><strong>conscribi</strong></span> <span class='ocrx_word' id='word_1_48' title='bbox 850 1021 994 1097; x_wconf 76' lang='lat' dir='ltr'><strong>possent,</strong></span> <span class='ocrx_word' id='word_1_49' title='bbox 1026 1033 1100 1076; x_wconf 92' lang='lat' dir='ltr'><strong>oum</strong></span> <span class='ocrx_word' id='word_1_50' title='bbox 1130 1009 1194 1074; x_wconf 93' lang='lat' dir='ltr'><strong>illic</strong></span> <span class='ocrx_word' id='word_1_51' title='bbox 1224 1031 1339 1094; x_wconf 88' lang='lat' dir='ltr'><strong>parum</strong></span> <span class='ocrx_word' id='word_1_52' title='bbox 1369 1011 1439 1075; x_wconf 87' lang='lat' dir='ltr'><strong>iam</strong></span> 
     </span>
     <span class='ocr_line' id='line_1_8' title="bbox 238 1115 749 1201; baseline -0.002 -21"><span class='ocrx_word' id='word_1_53' title='bbox 238 1115 314 1180; x_wconf 92' lang='lat' dir='ltr'><strong>fidei</strong></span> <span class='ocrx_word' id='word_1_54' title='bbox 337 1137 377 1181; x_wconf 89' lang='lat' dir='ltr'><strong>ac</strong></span> <span class='ocrx_word' id='word_1_55' title='bbox 400 1117 526 1201; x_wconf 84' lang='lat' dir='ltr'><strong>pietatis</strong></span> <span class='ocrx_word' id='word_1_56' title='bbox 549 1117 749 1180; x_wconf 79' lang='lat' dir='ltr'><strong>remanserit.</strong></span> 
     </span>
    </p>

    <p class='ocr_par' dir='ltr' id='par_1_4' title="bbox 237 1217 1439 3693">
     <span class='ocr_line' id='line_1_9' title="bbox 342 1217 1438 1304; baseline -0.002 -20"><span class='ocrx_word' id='word_1_57' title='bbox 342 1219 441 1284; x_wconf 83' lang='lat' dir='ltr'><strong>Plebs</strong></span> <span class='ocrx_word' id='word_1_58' title='bbox 456 1229 489 1284; x_wconf 91' lang='lat' dir='ltr'><strong>et</strong></span> <span class='ocrx_word' id='word_1_59' title='bbox 510 1219 647 1304; x_wconf 91' lang='lat' dir='ltr'><strong>populus</strong></span> <span class='ocrx_word' id='word_1_60' title='bbox 670 1218 768 1283; x_wconf 89' lang='lat' dir='ltr'><strong>bona</strong></span> <span class='ocrx_word' id='word_1_61' title='bbox 793 1241 840 1282; x_wconf 85' lang='lat' dir='ltr'><strong>ex</strong></span> <span class='ocrx_word' id='word_1_62' title='bbox 863 1226 971 1303; x_wconf 89' lang='lat' dir='ltr'><strong>parte</strong></span> <span class='ocrx_word' id='word_1_63' title='bbox 994 1218 1056 1283; x_wconf 88' lang='lat' dir='ltr'><strong>vel</strong></span> <span class='ocrx_word' id='word_1_64' title='bbox 1079 1218 1260 1283; x_wconf 79' lang='lat' dir='ltr'><strong>diversae</strong></span> <span class='ocrx_word' id='word_1_65' title='bbox 1283 1217 1438 1303; x_wconf 91' lang='lat' dir='ltr'><strong>religio-</strong></span> 
     </span>
     <span class='ocr_line' id='line_1_10' title="bbox 238 1321 1438 1408; baseline 0 -22"><span class='ocrx_word' id='word_1_66' title='bbox 238 1326 296 1386; x_wconf 88' lang='lat' dir='ltr'><strong>nis</strong></span> <span class='ocrx_word' id='word_1_67' title='bbox 326 1323 494 1388; x_wconf 90' lang='lat' dir='ltr'><strong>imbutus</strong></span> <span class='ocrx_word' id='word_1_68' title='bbox 524 1332 582 1388; x_wconf 84' lang='lat' dir='ltr'><strong>est</strong></span> <span class='ocrx_word' id='word_1_69' title='bbox 612 1325 792 1408; x_wconf 87' lang='lat' dir='ltr'><strong>opinione</strong></span> <span class='ocrx_word' id='word_1_70' title='bbox 821 1321 874 1386; x_wconf 87' lang='lat' dir='ltr'><strong>vel</strong></span> <span class='ocrx_word' id='word_1_71' title='bbox 906 1321 1000 1386; x_wconf 84' lang='lat' dir='ltr'><strong>dictis</strong></span> <span class='ocrx_word' id='word_1_72' title='bbox 1030 1325 1193 1407; x_wconf 85' lang='lat' dir='ltr'><strong>perpetuis</strong></span> <span class='ocrx_word' id='word_1_73' title='bbox 1223 1321 1363 1386; x_wconf 85' lang='lat' dir='ltr'><strong>collectis</strong></span> <span class='ocrx_word' id='word_1_74' title='bbox 1393 1345 1438 1386; x_wconf 87' lang='lat' dir='ltr'><strong>ac</strong></span> 
     </span>
     <span class='ocr_line' id='line_1_11' title="bbox 239 1425 1439 1512; baseline -0.001 -21"><span class='ocrx_word' id='word_1_75' title='bbox 239 1427 465 1491; x_wconf 84' lang='lat' dir='ltr'><strong>exactionibus</strong></span> <span class='ocrx_word' id='word_1_76' title='bbox 489 1436 600 1491; x_wconf 88' lang='lat' dir='ltr'><strong>contra</strong></span> <span class='ocrx_word' id='word_1_77' title='bbox 622 1427 747 1492; x_wconf 86' lang='lat' dir='ltr'><strong>Turcas</strong></span> <span class='ocrx_word' id='word_1_78' title='bbox 768 1429 815 1490; x_wconf 86' lang='lat' dir='ltr'><strong>ita</strong></span> <span class='ocrx_word' id='word_1_79' title='bbox 838 1435 1003 1510; x_wconf 86' lang='lat' dir='ltr'><strong>exaustus,</strong></span> <span class='ocrx_word' id='word_1_80' title='bbox 1027 1436 1062 1491; x_wconf 93' lang='lat' dir='ltr'><strong>ut</strong></span> <span class='ocrx_word' id='word_1_81' title='bbox 1084 1427 1225 1490; x_wconf 85' lang='lat' dir='ltr'><strong>maxime</strong></span> <span class='ocrx_word' id='word_1_82' title='bbox 1247 1425 1341 1512; x_wconf 89' lang='lat' dir='ltr'><strong>plebs</strong></span> <span class='ocrx_word' id='word_1_83' title='bbox 1363 1428 1439 1511; x_wconf 84' lang='lat' dir='ltr'><strong>ipsa</strong></span> 
     </span>
     <span class='ocr_line' id='line_1_12' title="bbox 237 1529 1436 1616; baseline -0.001 -21"><span class='ocrx_word' id='word_1_84' title='bbox 237 1532 303 1595; x_wconf 91' lang='lat' dir='ltr'><strong>iam</strong></span> <span class='ocrx_word' id='word_1_85' title='bbox 332 1531 522 1616; x_wconf 86' lang='lat' dir='ltr'><strong>aliquotiens</strong></span> <span class='ocrx_word' id='word_1_86' title='bbox 553 1540 669 1595; x_wconf 86' lang='lat' dir='ltr'><strong>conata</strong></span> <span class='ocrx_word' id='word_1_87' title='bbox 697 1533 739 1595; x_wconf 89' lang='lat' dir='ltr'><strong>sit</strong></span> <span class='ocrx_word' id='word_1_88' title='bbox 767 1532 800 1594; x_wconf 93' lang='lat' dir='ltr'><strong>in</strong></span> <span class='ocrx_word' id='word_1_89' title='bbox 830 1529 1013 1596; x_wconf 87' lang='lat' dir='ltr'><strong>libertatem</strong></span> <span class='ocrx_word' id='word_1_90' title='bbox 1042 1553 1081 1594; x_wconf 88' lang='lat' dir='ltr'><strong>ao</strong></span> <span class='ocrx_word' id='word_1_91' title='bbox 1103 1532 1337 1595; x_wconf 83' lang='lat' dir='ltr'><strong>immunitatem</strong></span> <span class='ocrx_word' id='word_1_92' title='bbox 1360 1551 1436 1594; x_wconf 87' lang='lat' dir='ltr'><strong>sese</strong></span> 
     </span>
     <span class='ocr_line' id='line_1_13' title="bbox 238 1633 1437 1720; baseline -0.002 -21"><span class='ocrx_word' id='word_1_93' title='bbox 238 1634 415 1700; x_wconf 88' lang='lat' dir='ltr'><strong>vendicare</strong></span> <span class='ocrx_word' id='word_1_94' title='bbox 438 1655 629 1720; x_wconf 88' lang='lat' dir='ltr'><strong>omnemque</strong></span> <span class='ocrx_word' id='word_1_95' title='bbox 651 1643 843 1720; x_wconf 86' lang='lat' dir='ltr'><strong>potestatem</strong></span> <span class='ocrx_word' id='word_1_96' title='bbox 866 1655 924 1698; x_wconf 87' lang='lat' dir='ltr'><strong>seu</strong></span> <span class='ocrx_word' id='word_1_97' title='bbox 947 1633 1122 1698; x_wconf 90' lang='lat' dir='ltr'><strong>dominium</strong></span> <span class='ocrx_word' id='word_1_98' title='bbox 1145 1633 1298 1699; x_wconf 89' lang='lat' dir='ltr'><strong>radicitus</strong></span> <span class='ocrx_word' id='word_1_99' title='bbox 1321 1635 1437 1698; x_wconf 86' lang='lat' dir='ltr'><strong>exstir-</strong></span> 
     </span>
     <span class='ocr_line' id='line_1_14' title="bbox 238 1736 1438 1824; baseline -0.002 -21"><span class='ocrx_word' id='word_1_100' title='bbox 238 1761 329 1824; x_wconf 88' lang='lat' dir='ltr'><strong>pare,</strong></span> <span class='ocrx_word' id='word_1_101' title='bbox 367 1736 640 1823; x_wconf 88' lang='lat' dir='ltr'><strong>quemadmodum</strong></span> <span class='ocrx_word' id='word_1_102' title='bbox 673 1747 826 1822; x_wconf 86' lang='lat' dir='ltr'><strong>surgente</strong></span> <span class='ocrx_word' id='word_1_103' title='bbox 859 1739 993 1822; x_wconf 89' lang='lat' dir='ltr'><strong>imperio</strong></span> <span class='ocrx_word' id='word_1_104' title='bbox 1028 1737 1228 1803; x_wconf 91' lang='lat' dir='ltr'><strong>dominorum</strong></span> <span class='ocrx_word' id='word_1_105' title='bbox 1264 1757 1438 1802; x_wconf 88' lang='lat' dir='ltr'><strong>caesarum</strong></span> 
     </span>
     <span class='ocr_line' id='line_1_15' title="bbox 239 1841 1436 1927; baseline -0.002 -19"><span class='ocrx_word' id='word_1_106' title='bbox 239 1842 346 1909; x_wconf 79' lang='lat' dir='ltr'><strong>Caroli</strong></span> <span class='ocrx_word' id='word_1_107' title='bbox 369 1843 409 1907; x_wconf 91' lang='lat' dir='ltr'><strong>V.</strong></span> <span class='ocrx_word' id='word_1_108' title='bbox 434 1851 466 1906; x_wconf 92' lang='lat' dir='ltr'><strong>et</strong></span> <span class='ocrx_word' id='word_1_109' title='bbox 489 1841 687 1906; x_wconf 80' lang='lat' dir='ltr'><strong>Ferdinandi</strong></span> <span class='ocrx_word' id='word_1_110' title='bbox 717 1863 791 1906; x_wconf 88' lang='lat' dir='ltr'><strong>cum</strong></span> <span class='ocrx_word' id='word_1_111' title='bbox 821 1843 1056 1906; x_wconf 85' lang='lat' dir='ltr'><strong>interventione</strong></span> <span class='ocrx_word' id='word_1_112' title='bbox 1086 1841 1157 1927; x_wconf 86' lang='lat' dir='ltr'><strong>plus</strong></span> <span class='ocrx_word' id='word_1_113' title='bbox 1184 1863 1280 1926; x_wconf 88' lang='lat' dir='ltr'><strong>quam</strong></span> <span class='ocrx_word' id='word_1_114' title='bbox 1304 1851 1436 1906; x_wconf 87' lang='lat' dir='ltr'><strong>eentum</strong></span> 
     </span>
     <span class='ocr_line' id='line_1_16' title="bbox 240 1943 1437 2033; baseline -0.001 -22"><span class='ocrx_word' id='word_1_115' title='bbox 240 1958 272 2012; x_wconf 91' lang='lat' dir='ltr'><strong>et</strong></span> <span class='ocrx_word' id='word_1_116' title='bbox 293 1949 408 2033; x_wconf 86' lang='lat' dir='ltr'><strong>viginti</strong></span> <span class='ocrx_word' id='word_1_117' title='bbox 429 1949 572 2032; x_wconf 91' lang='lat' dir='ltr'><strong>quinque</strong></span> <span class='ocrx_word' id='word_1_118' title='bbox 595 1946 728 2011; x_wconf 90' lang='lat' dir='ltr'><strong>millium</strong></span> <span class='ocrx_word' id='word_1_119' title='bbox 749 1945 914 2011; x_wconf 88' lang='lat' dir='ltr'><strong>hominum</strong></span> <span class='ocrx_word' id='word_1_120' title='bbox 936 1947 1058 2012; x_wconf 83' lang='lat' dir='ltr'><strong>factum</strong></span> <span class='ocrx_word' id='word_1_121' title='bbox 1073 1947 1140 2011; x_wconf 87' lang='lat' dir='ltr'><strong>fuit.</strong></span> <span class='ocrx_word' id='word_1_122' title='bbox 1165 1947 1217 2012; x_wconf 90' lang='lat' dir='ltr'><strong>De</strong></span> <span class='ocrx_word' id='word_1_123' title='bbox 1233 1943 1349 2031; x_wconf 91' lang='lat' dir='ltr'><strong>populo</strong></span> <span class='ocrx_word' id='word_1_124' title='bbox 1372 1945 1437 2010; x_wconf 87' lang='lat' dir='ltr'><strong>sub</strong></span> 
     </span>
     <span class='ocr_line' id='line_1_17' title="bbox 242 2049 1439 2137; baseline -0.001 -22"><span class='ocrx_word' id='word_1_125' title='bbox 242 2072 306 2136; x_wconf 92' lang='lat' dir='ltr'><strong>quo</strong></span> <span class='ocrx_word' id='word_1_126' title='bbox 330 2053 419 2114; x_wconf 87' lang='lat' dir='ltr'><strong>cives</strong></span> <span class='ocrx_word' id='word_1_127' title='bbox 442 2059 475 2115; x_wconf 88' lang='lat' dir='ltr'><strong>et</strong></span> <span class='ocrx_word' id='word_1_128' title='bbox 495 2049 647 2136; x_wconf 85' lang='lat' dir='ltr'><strong>oppidani</strong></span> <span class='ocrx_word' id='word_1_129' title='bbox 670 2059 745 2114; x_wconf 92' lang='lat' dir='ltr'><strong>sunt</strong></span> <span class='ocrx_word' id='word_1_130' title='bbox 766 2050 976 2136; x_wconf 89' lang='lat' dir='ltr'><strong>intelligendi,</strong></span> <span class='ocrx_word' id='word_1_131' title='bbox 1007 2050 1085 2116; x_wconf 91' lang='lat' dir='ltr'><strong>illud</strong></span> <span class='ocrx_word' id='word_1_132' title='bbox 1107 2053 1212 2135; x_wconf 93' lang='lat' dir='ltr'><strong>ipsum</strong></span> <span class='ocrx_word' id='word_1_133' title='bbox 1235 2071 1362 2137; x_wconf 88' lang='lat' dir='ltr'><strong>quoque</strong></span> <span class='ocrx_word' id='word_1_134' title='bbox 1385 2059 1439 2114; x_wconf 92' lang='lat' dir='ltr'><strong>est</strong></span> 
     </span>
     <span class='ocr_line' id='line_1_18' title="bbox 239 2153 1438 2239; baseline -0.003 -20"><span class='ocrx_word' id='word_1_135' title='bbox 239 2154 426 2238; x_wconf 84' lang='lat' dir='ltr'><strong>timendum,</strong></span> <span class='ocrx_word' id='word_1_136' title='bbox 461 2175 545 2218; x_wconf 85' lang='lat' dir='ltr'><strong>nam</strong></span> <span class='ocrx_word' id='word_1_137' title='bbox 579 2156 605 2217; x_wconf 91' lang='lat' dir='ltr'><strong>ii</strong></span> <span class='ocrx_word' id='word_1_138' title='bbox 636 2153 860 2239; x_wconf 90' lang='lat' dir='ltr'><strong>plerumque</strong></span> <span class='ocrx_word' id='word_1_139' title='bbox 890 2175 1019 2219; x_wconf 90' lang='lat' dir='ltr'><strong>omnes</strong></span> <span class='ocrx_word' id='word_1_140' title='bbox 1049 2154 1214 2219; x_wconf 84' lang='lat' dir='ltr'><strong>advorsa</strong></span> <span class='ocrx_word' id='word_1_141' title='bbox 1245 2153 1438 2237; x_wconf 82' lang='lat' dir='ltr'><strong>religione</strong></span> 
     </span>
     <span class='ocr_line' id='line_1_19' title="bbox 240 2256 1437 2344; baseline -0.003 -22"><span class='ocrx_word' id='word_1_142' title='bbox 240 2259 377 2323; x_wconf 87' lang='lat' dir='ltr'><strong>infecti</strong></span> <span class='ocrx_word' id='word_1_143' title='bbox 399 2267 487 2322; x_wconf 91' lang='lat' dir='ltr'><strong>sunt</strong></span> <span class='ocrx_word' id='word_1_144' title='bbox 509 2266 542 2322; x_wconf 89' lang='lat' dir='ltr'><strong>et</strong></span> <span class='ocrx_word' id='word_1_145' title='bbox 554 2256 636 2322; x_wconf 90' lang='lat' dir='ltr'><strong>adeo</strong></span> <span class='ocrx_word' id='word_1_146' title='bbox 653 2257 740 2322; x_wconf 88' lang='lat' dir='ltr'><strong>dicta</strong></span> <span class='ocrx_word' id='word_1_147' title='bbox 755 2258 797 2323; x_wconf 90' lang='lat' dir='ltr'><strong>de</strong></span> <span class='ocrx_word' id='word_1_148' title='bbox 813 2280 912 2323; x_wconf 86' lang='lat' dir='ltr'><strong>eausa</strong></span> <span class='ocrx_word' id='word_1_149' title='bbox 927 2257 1071 2323; x_wconf 90' lang='lat' dir='ltr'><strong>similiter</strong></span> <span class='ocrx_word' id='word_1_150' title='bbox 1093 2260 1186 2344; x_wconf 89' lang='lat' dir='ltr'><strong>egeni</strong></span> <span class='ocrx_word' id='word_1_151' title='bbox 1209 2268 1241 2323; x_wconf 87' lang='lat' dir='ltr'><strong>et</strong></span> <span class='ocrx_word' id='word_1_152' title='bbox 1262 2277 1437 2343; x_wconf 84' lang='lat' dir='ltr'><strong>pauperes,</strong></span> 
     </span>
     <span class='ocr_line' id='line_1_20' title="bbox 241 2361 1438 2448; baseline -0.003 -22"><span class='ocrx_word' id='word_1_153' title='bbox 241 2373 278 2426; x_wconf 88' lang='lat' dir='ltr'><strong>ut</strong></span> <span class='ocrx_word' id='word_1_154' title='bbox 305 2361 396 2426; x_wconf 87' lang='lat' dir='ltr'><strong>multi</strong></span> <span class='ocrx_word' id='word_1_155' title='bbox 425 2383 469 2425; x_wconf 82' lang='lat' dir='ltr'><strong>ex</strong></span> <span class='ocrx_word' id='word_1_156' title='bbox 498 2363 575 2447; x_wconf 89' lang='lat' dir='ltr'><strong>ipsis</strong></span> <span class='ocrx_word' id='word_1_157' title='bbox 605 2361 685 2426; x_wconf 90' lang='lat' dir='ltr'><strong>nihil</strong></span> <span class='ocrx_word' id='word_1_158' title='bbox 714 2364 817 2446; x_wconf 90' lang='lat' dir='ltr'><strong>magis</strong></span> <span class='ocrx_word' id='word_1_159' title='bbox 846 2365 879 2426; x_wconf 92' lang='lat' dir='ltr'><strong>in</strong></span> <span class='ocrx_word' id='word_1_160' title='bbox 910 2364 992 2427; x_wconf 89' lang='lat' dir='ltr'><strong>votis</strong></span> <span class='ocrx_word' id='word_1_161' title='bbox 1022 2361 1163 2427; x_wconf 86' lang='lat' dir='ltr'><strong>habeant</strong></span> <span class='ocrx_word' id='word_1_162' title='bbox 1184 2383 1283 2448; x_wconf 88' lang='lat' dir='ltr'><strong>quam</strong></span> <span class='ocrx_word' id='word_1_163' title='bbox 1303 2382 1373 2425; x_wconf 92' lang='lat' dir='ltr'><strong>rem</strong></span> <span class='ocrx_word' id='word_1_164' title='bbox 1395 2381 1438 2424; x_wconf 92' lang='lat' dir='ltr'><strong>eo</strong></span> 
     </span>
     <span class='ocr_line' id='line_1_21' title="bbox 241 2463 1437 2553; baseline -0.002 -22"><span class='ocrx_word' id='word_1_165' title='bbox 241 2465 370 2549; x_wconf 86' lang='lat' dir='ltr'><strong>adduci,</strong></span> <span class='ocrx_word' id='word_1_166' title='bbox 404 2474 439 2530; x_wconf 90' lang='lat' dir='ltr'><strong>ut</strong></span> <span class='ocrx_word' id='word_1_167' title='bbox 460 2487 503 2530; x_wconf 87' lang='lat' dir='ltr'><strong>ex</strong></span> <span class='ocrx_word' id='word_1_168' title='bbox 526 2465 735 2531; x_wconf 89' lang='lat' dir='ltr'><strong>seditionibus</strong></span> <span class='ocrx_word' id='word_1_169' title='bbox 757 2489 797 2531; x_wconf 90' lang='lat' dir='ltr'><strong>ao</strong></span> <span class='ocrx_word' id='word_1_170' title='bbox 819 2467 940 2552; x_wconf 88' lang='lat' dir='ltr'><strong>rapinis</strong></span> <span class='ocrx_word' id='word_1_171' title='bbox 964 2469 1145 2553; x_wconf 87' lang='lat' dir='ltr'><strong>paupertati</strong></span> <span class='ocrx_word' id='word_1_172' title='bbox 1167 2489 1244 2531; x_wconf 88' lang='lat' dir='ltr'><strong>suae</strong></span> <span class='ocrx_word' id='word_1_173' title='bbox 1267 2463 1437 2531; x_wconf 88' lang='lat' dir='ltr'><strong>consulere</strong></span> 
     </span>
     <span class='ocr_line' id='line_1_22' title="bbox 242 2570 1438 2657; baseline -0.002 -22"><span class='ocrx_word' id='word_1_174' title='bbox 242 2579 381 2656; x_wconf 89' lang='lat' dir='ltr'><strong>possent.</strong></span> <span class='ocrx_word' id='word_1_175' title='bbox 420 2570 517 2636; x_wconf 91' lang='lat' dir='ltr'><strong>Unde</strong></span> <span class='ocrx_word' id='word_1_176' title='bbox 539 2570 634 2635; x_wconf 85' lang='lat' dir='ltr'><strong>facile</strong></span> <span class='ocrx_word' id='word_1_177' title='bbox 657 2579 707 2634; x_wconf 89' lang='lat' dir='ltr'><strong>est</strong></span> <span class='ocrx_word' id='word_1_178' title='bbox 728 2570 907 2635; x_wconf 88' lang='lat' dir='ltr'><strong>diiudicare</strong></span> <span class='ocrx_word' id='word_1_179' title='bbox 930 2592 1028 2656; x_wconf 88' lang='lat' dir='ltr'><strong>quam</strong></span> <span class='ocrx_word' id='word_1_180' title='bbox 1049 2574 1071 2636; x_wconf 92' lang='lat' dir='ltr'><strong>ii</strong></span> <span class='ocrx_word' id='word_1_181' title='bbox 1094 2573 1202 2657; x_wconf 91' lang='lat' dir='ltr'><strong>quiin</strong></span> <span class='ocrx_word' id='word_1_182' title='bbox 1232 2573 1438 2656; x_wconf 86' lang='lat' dir='ltr'><strong>separatione</strong></span> 
     </span>
     <span class='ocr_line' id='line_1_23' title="bbox 241 2673 1437 2761; baseline 0.001 -23"><span class='ocrx_word' id='word_1_183' title='bbox 241 2698 281 2738; x_wconf 90' lang='lat' dir='ltr'><strong>ac</strong></span> <span class='ocrx_word' id='word_1_184' title='bbox 304 2674 462 2738; x_wconf 89' lang='lat' dir='ltr'><strong>divisione</strong></span> <span class='ocrx_word' id='word_1_185' title='bbox 483 2673 586 2759; x_wconf 83' lang='lat' dir='ltr'><strong>plebis</strong></span> <span class='ocrx_word' id='word_1_186' title='bbox 609 2694 668 2738; x_wconf 89' lang='lat' dir='ltr'><strong>seu</strong></span> <span class='ocrx_word' id='word_1_187' title='bbox 690 2674 799 2759; x_wconf 87' lang='lat' dir='ltr'><strong>populi</strong></span> <span class='ocrx_word' id='word_1_188' title='bbox 822 2698 842 2738; x_wconf 90' lang='lat' dir='ltr'><strong>a</strong></span> <span class='ocrx_word' id='word_1_189' title='bbox 864 2674 1025 2740; x_wconf 89' lang='lat' dir='ltr'><strong>nobilibus</strong></span> <span class='ocrx_word' id='word_1_190' title='bbox 1049 2675 1156 2761; x_wconf 83' lang='lat' dir='ltr'><strong>quoad</strong></span> <span class='ocrx_word' id='word_1_191' title='bbox 1179 2674 1329 2740; x_wconf 87' lang='lat' dir='ltr'><strong>collectas</strong></span> <span class='ocrx_word' id='word_1_192' title='bbox 1344 2697 1437 2760; x_wconf 88' lang='lat' dir='ltr'><strong>prae-</strong></span> 
     </span>
     <span class='ocr_line' id='line_1_24' title="bbox 241 2776 1438 2865; baseline 0 -22"><span class='ocrx_word' id='word_1_193' title='bbox 241 2778 373 2844; x_wconf 83' lang='lat' dir='ltr'><strong>standas</strong></span> <span class='ocrx_word' id='word_1_194' title='bbox 395 2777 530 2843; x_wconf 87' lang='lat' dir='ltr'><strong>multum</strong></span> <span class='ocrx_word' id='word_1_195' title='bbox 553 2777 728 2860; x_wconf 88' lang='lat' dir='ltr'><strong>confidunt,</strong></span> <span class='ocrx_word' id='word_1_196' title='bbox 750 2776 998 2862; x_wconf 82' lang='lat' dir='ltr'><strong>hallucinantur,</strong></span> <span class='ocrx_word' id='word_1_197' title='bbox 1023 2802 1097 2844; x_wconf 84' lang='lat' dir='ltr'><strong>eum</strong></span> <span class='ocrx_word' id='word_1_198' title='bbox 1119 2780 1248 2865; x_wconf 88' lang='lat' dir='ltr'><strong>plebem</strong></span> <span class='ocrx_word' id='word_1_199' title='bbox 1270 2782 1314 2845; x_wconf 86' lang='lat' dir='ltr'><strong>ita</strong></span> <span class='ocrx_word' id='word_1_200' title='bbox 1336 2778 1438 2844; x_wconf 85' lang='lat' dir='ltr'><strong>afflic-</strong></span> 
     </span>
     <span class='ocr_line' id='line_1_25' title="bbox 241 2880 1439 2969; baseline 0 -22"><span class='ocrx_word' id='word_1_201' title='bbox 241 2892 308 2947; x_wconf 88' lang='lat' dir='ltr'><strong>tam</strong></span> <span class='ocrx_word' id='word_1_202' title='bbox 338 2906 358 2945; x_wconf 89' lang='lat' dir='ltr'><strong>a</strong></span> <span class='ocrx_word' id='word_1_203' title='bbox 386 2884 461 2966; x_wconf 91' lang='lat' dir='ltr'><strong>iugo</strong></span> <span class='ocrx_word' id='word_1_204' title='bbox 491 2880 646 2946; x_wconf 91' lang='lat' dir='ltr'><strong>nobilium</strong></span> <span class='ocrx_word' id='word_1_205' title='bbox 674 2881 814 2946; x_wconf 88' lang='lat' dir='ltr'><strong>liberare</strong></span> <span class='ocrx_word' id='word_1_206' title='bbox 844 2882 979 2967; x_wconf 90' lang='lat' dir='ltr'><strong>proinde</strong></span> <span class='ocrx_word' id='word_1_207' title='bbox 1010 2893 1095 2948; x_wconf 87' lang='lat' dir='ltr'><strong>esset</strong></span> <span class='ocrx_word' id='word_1_208' title='bbox 1124 2906 1163 2947; x_wconf 89' lang='lat' dir='ltr'><strong>ac</strong></span> <span class='ocrx_word' id='word_1_209' title='bbox 1190 2886 1288 2969; x_wconf 78' lang='lat' dir='ltr'><strong>siquis</strong></span> <span class='ocrx_word' id='word_1_210' title='bbox 1311 2883 1439 2968; x_wconf 92' lang='lat' dir='ltr'><strong>aliquos</strong></span> 
     </span>
     <span class='ocr_line' id='line_1_26' title="bbox 241 2985 1438 3072; baseline 0.001 -21"><span class='ocrx_word' id='word_1_211' title='bbox 241 2986 326 3051; x_wconf 85' lang='lat' dir='ltr'><strong>feros</strong></span> <span class='ocrx_word' id='word_1_212' title='bbox 349 3009 440 3051; x_wconf 87' lang='lat' dir='ltr'><strong>ursos</strong></span> <span class='ocrx_word' id='word_1_213' title='bbox 463 2986 549 3051; x_wconf 91' lang='lat' dir='ltr'><strong>domi</strong></span> <span class='ocrx_word' id='word_1_214' title='bbox 572 3007 650 3050; x_wconf 89' lang='lat' dir='ltr'><strong>suae</strong></span> <span class='ocrx_word' id='word_1_215' title='bbox 673 2988 796 3050; x_wconf 86' lang='lat' dir='ltr'><strong>catenis</strong></span> <span class='ocrx_word' id='word_1_216' title='bbox 819 2985 973 3072; x_wconf 86' lang='lat' dir='ltr'><strong>allegatos</strong></span> <span class='ocrx_word' id='word_1_217' title='bbox 996 2989 1034 3051; x_wconf 90' lang='lat' dir='ltr'><strong>iis</strong></span> <span class='ocrx_word' id='word_1_218' title='bbox 1058 2987 1239 3052; x_wconf 87' lang='lat' dir='ltr'><strong>desolvsrct</strong></span> <span class='ocrx_word' id='word_1_219' title='bbox 1261 2998 1293 3052; x_wconf 89' lang='lat' dir='ltr'><strong>et</strong></span> <span class='ocrx_word' id='word_1_220' title='bbox 1320 2990 1365 3051; x_wconf 89' lang='lat' dir='ltr'><strong>sic</strong></span> <span class='ocrx_word' id='word_1_221' title='bbox 1389 2988 1438 3052; x_wconf 90' lang='lat' dir='ltr'><strong>eis</strong></span> 
     </span>
     <span class='ocr_line' id='line_1_27' title="bbox 241 3088 1439 3178; baseline 0 -22"><span class='ocrx_word' id='word_1_222' title='bbox 241 3100 432 3178; x_wconf 90' lang='lat' dir='ltr'><strong>potestatem</strong></span> <span class='ocrx_word' id='word_1_223' title='bbox 463 3092 588 3155; x_wconf 86' lang='lat' dir='ltr'><strong>faceret</strong></span> <span class='ocrx_word' id='word_1_224' title='bbox 609 3090 710 3154; x_wconf 91' lang='lat' dir='ltr'><strong>libere</strong></span> <span class='ocrx_word' id='word_1_225' title='bbox 734 3110 792 3174; x_wconf 91' lang='lat' dir='ltr'><strong>per</strong></span> <span class='ocrx_word' id='word_1_226' title='bbox 815 3088 945 3154; x_wconf 88' lang='lat' dir='ltr'><strong>domum</strong></span> <span class='ocrx_word' id='word_1_227' title='bbox 967 3091 1136 3176; x_wconf 87' lang='lat' dir='ltr'><strong>grassandi</strong></span> <span class='ocrx_word' id='word_1_228' title='bbox 1159 3100 1192 3156; x_wconf 90' lang='lat' dir='ltr'><strong>et</strong></span> <span class='ocrx_word' id='word_1_229' title='bbox 1213 3094 1319 3157; x_wconf 88' lang='lat' dir='ltr'><strong>omnia</strong></span> <span class='ocrx_word' id='word_1_230' title='bbox 1341 3094 1373 3155; x_wconf 94' lang='lat' dir='ltr'><strong>in</strong></span> <span class='ocrx_word' id='word_1_231' title='bbox 1397 3114 1439 3156; x_wconf 92' lang='lat' dir='ltr'><strong>ea</strong></span> 
     </span>
     <span class='ocr_line' id='line_1_28' title="bbox 243 3195 1438 3282; baseline 0 -23"><span class='ocrx_word' id='word_1_232' title='bbox 243 3195 470 3282; x_wconf 90' lang='lat' dir='ltr'><strong>depopulandi,</strong></span> <span class='ocrx_word' id='word_1_233' title='bbox 493 3197 634 3259; x_wconf 88' lang='lat' dir='ltr'><strong>maximo</strong></span> <span class='ocrx_word' id='word_1_234' title='bbox 658 3216 732 3259; x_wconf 92' lang='lat' dir='ltr'><strong>cum</strong></span> <span class='ocrx_word' id='word_1_235' title='bbox 754 3195 958 3279; x_wconf 88' lang='lat' dir='ltr'><strong>insuperiori</strong></span> <span class='ocrx_word' id='word_1_236' title='bbox 975 3195 1083 3281; x_wconf 89' lang='lat' dir='ltr'><strong>Styria</strong></span> <span class='ocrx_word' id='word_1_237' title='bbox 1097 3206 1130 3260; x_wconf 89' lang='lat' dir='ltr'><strong>ct</strong></span> <span class='ocrx_word' id='word_1_238' title='bbox 1144 3198 1333 3281; x_wconf 86' lang='lat' dir='ltr'><strong>praesertim</strong></span> <span class='ocrx_word' id='word_1_239' title='bbox 1349 3196 1438 3281; x_wconf 90' lang='lat' dir='ltr'><strong>apud</strong></span> 
     </span>
     <span class='ocr_line' id='line_1_29' title="bbox 241 3298 1438 3385; baseline 0 -22"><span class='ocrx_word' id='word_1_240' title='bbox 241 3303 321 3383; x_wconf 89' lang='lat' dir='ltr'><strong>auri,</strong></span> <span class='ocrx_word' id='word_1_241' title='bbox 350 3299 429 3364; x_wconf 86' lang='lat' dir='ltr'><strong>ferri</strong></span> <span class='ocrx_word' id='word_1_242' title='bbox 458 3309 490 3364; x_wconf 91' lang='lat' dir='ltr'><strong>et</strong></span> <span class='ocrx_word' id='word_1_243' title='bbox 519 3299 593 3363; x_wconf 88' lang='lat' dir='ltr'><strong>salis</strong></span> <span class='ocrx_word' id='word_1_244' title='bbox 621 3298 747 3363; x_wconf 86' lang='lat' dir='ltr'><strong>fodinas</strong></span> <span class='ocrx_word' id='word_1_245' title='bbox 769 3322 790 3362; x_wconf 89' lang='lat' dir='ltr'><strong>a</strong></span> <span class='ocrx_word' id='word_1_246' title='bbox 811 3300 925 3383; x_wconf 85' lang='lat' dir='ltr'><strong>viginti</strong></span> <span class='ocrx_word' id='word_1_247' title='bbox 956 3308 988 3363; x_wconf 91' lang='lat' dir='ltr'><strong>et</strong></span> <span class='ocrx_word' id='word_1_248' title='bbox 1016 3299 1088 3384; x_wconf 90' lang='lat' dir='ltr'><strong>plus</strong></span> <span class='ocrx_word' id='word_1_249' title='bbox 1119 3302 1210 3364; x_wconf 89' lang='lat' dir='ltr'><strong>annis</strong></span> <span class='ocrx_word' id='word_1_250' title='bbox 1239 3300 1359 3385; x_wconf 85' lang='lat' dir='ltr'><strong>passim</strong></span> <span class='ocrx_word' id='word_1_251' title='bbox 1387 3322 1438 3363; x_wconf 88' lang='lat' dir='ltr'><strong>oa-</strong></span> 
     </span>
     <span class='ocr_line' id='line_1_30' title="bbox 241 3399 1438 3486; baseline 0 -19"><span class='ocrx_word' id='word_1_252' title='bbox 241 3402 359 3467; x_wconf 87' lang='lat' dir='ltr'><strong>tholica</strong></span> <span class='ocrx_word' id='word_1_253' title='bbox 388 3403 498 3486; x_wconf 85' lang='lat' dir='ltr'><strong>religio</strong></span> <span class='ocrx_word' id='word_1_254' title='bbox 525 3402 681 3486; x_wconf 85' lang='lat' dir='ltr'><strong>abrogata</strong></span> <span class='ocrx_word' id='word_1_255' title='bbox 711 3412 744 3465; x_wconf 91' lang='lat' dir='ltr'><strong>et</strong></span> <span class='ocrx_word' id='word_1_256' title='bbox 772 3402 805 3465; x_wconf 92' lang='lat' dir='ltr'><strong>in</strong></span> <span class='ocrx_word' id='word_1_257' title='bbox 832 3399 938 3467; x_wconf 88' lang='lat' dir='ltr'><strong>locum</strong></span> <span class='ocrx_word' id='word_1_258' title='bbox 960 3405 1029 3467; x_wconf 89' lang='lat' dir='ltr'><strong>eius</strong></span> <span class='ocrx_word' id='word_1_259' title='bbox 1051 3402 1191 3469; x_wconf 86' lang='lat' dir='ltr'><strong>adversa</strong></span> <span class='ocrx_word' id='word_1_260' title='bbox 1213 3402 1345 3467; x_wconf 82' lang='lat' dir='ltr'><strong>inducta</strong></span> <span class='ocrx_word' id='word_1_261' title='bbox 1368 3403 1438 3483; x_wconf 85' lang='lat' dir='ltr'><strong>luit,</strong></span> 
     </span>
     <span class='ocr_line' id='line_1_31' title="bbox 241 3504 1439 3593; baseline 0.002 -24"><span class='ocrx_word' id='word_1_262' title='bbox 241 3508 275 3569; x_wconf 92' lang='lat' dir='ltr'><strong>in</strong></span> <span class='ocrx_word' id='word_1_263' title='bbox 305 3528 370 3591; x_wconf 91' lang='lat' dir='ltr'><strong>qua</strong></span> <span class='ocrx_word' id='word_1_264' title='bbox 398 3505 490 3590; x_wconf 89' lang='lat' dir='ltr'><strong>plebs</strong></span> <span class='ocrx_word' id='word_1_265' title='bbox 519 3504 575 3569; x_wconf 89' lang='lat' dir='ltr'><strong>illa</strong></span> <span class='ocrx_word' id='word_1_266' title='bbox 600 3504 682 3569; x_wconf 85' lang='lat' dir='ltr'><strong>adeo</strong></span> <span class='ocrx_word' id='word_1_267' title='bbox 706 3504 821 3570; x_wconf 91' lang='lat' dir='ltr'><strong>collum</strong></span> <span class='ocrx_word' id='word_1_268' title='bbox 845 3508 909 3570; x_wconf 89' lang='lat' dir='ltr'><strong>iam</strong></span> <span class='ocrx_word' id='word_1_269' title='bbox 931 3505 1079 3589; x_wconf 85' lang='lat' dir='ltr'><strong>adduxit,</strong></span> <span class='ocrx_word' id='word_1_270' title='bbox 1110 3516 1145 3571; x_wconf 90' lang='lat' dir='ltr'><strong>ut</strong></span> <span class='ocrx_word' id='word_1_271' title='bbox 1166 3506 1303 3593; x_wconf 89' lang='lat' dir='ltr'><strong>quodvis</strong></span> <span class='ocrx_word' id='word_1_272' title='bbox 1325 3509 1439 3592; x_wconf 84' lang='lat' dir='ltr'><strong>pocius</strong></span> 
     </span>
     <span class='ocr_line' id='line_1_32' title="bbox 242 3607 1221 3693; baseline 0.002 -20"><span class='ocrx_word' id='word_1_273' title='bbox 242 3610 392 3673; x_wconf 86' lang='lat' dir='ltr'><strong>sufferret</strong></span> <span class='ocrx_word' id='word_1_274' title='bbox 414 3610 544 3693; x_wconf 89' lang='lat' dir='ltr'><strong>quamvi</strong></span> <span class='ocrx_word' id='word_1_275' title='bbox 566 3630 587 3671; x_wconf 95' lang='lat' dir='ltr'><strong>a</strong></span> <span class='ocrx_word' id='word_1_276' title='bbox 607 3607 662 3671; x_wconf 81' lang='lat' dir='ltr'><strong>tali</strong></span> <span class='ocrx_word' id='word_1_277' title='bbox 685 3630 796 3673; x_wconf 89' lang='lat' dir='ltr'><strong>eorum</strong></span> <span class='ocrx_word' id='word_1_278' title='bbox 819 3609 972 3693; x_wconf 86' lang='lat' dir='ltr'><strong>religione</strong></span> <span class='ocrx_word' id='word_1_279' title='bbox 996 3610 1221 3675; x_wconf 86' lang='lat' dir='ltr'><strong>dimoveretur.</strong></span> 
     </span>
    </p>

    <p class='ocr_par' dir='ltr' id='par_1_5' title="bbox 242 3709 1441 4629">
     <span class='ocr_line' id='line_1_33' title="bbox 347 3709 1439 3797; baseline 0.006 -23"><span class='ocrx_word' id='word_1_280' title='bbox 347 3713 399 3775; x_wconf 87' lang='lat' dir='ltr'><strong>De</strong></span> <span class='ocrx_word' id='word_1_281' title='bbox 429 3709 657 3775; x_wconf 85' lang='lat' dir='ltr'><strong>ecclesiasticis</strong></span> <span class='ocrx_word' id='word_1_282' title='bbox 687 3713 801 3776; x_wconf 90' lang='lat' dir='ltr'><strong>merito</strong></span> <span class='ocrx_word' id='word_1_283' title='bbox 831 3713 910 3777; x_wconf 94' lang='lat' dir='ltr'><strong>nihil</strong></span> <span class='ocrx_word' id='word_1_284' title='bbox 940 3712 991 3777; x_wconf 89' lang='lat' dir='ltr'><strong>hic</strong></span> <span class='ocrx_word' id='word_1_285' title='bbox 1025 3714 1199 3780; x_wconf 88' lang='lat' dir='ltr'><strong>dicendum</strong></span> <span class='ocrx_word' id='word_1_286' title='bbox 1233 3724 1327 3797; x_wconf 86' lang='lat' dir='ltr'><strong>esset,</strong></span> <span class='ocrx_word' id='word_1_287' title='bbox 1362 3738 1439 3781; x_wconf 91' lang='lat' dir='ltr'><strong>cum</strong></span> 
     </span>
     <span class='ocr_line' id='line_1_34' title="bbox 244 3814 1438 3905; baseline 0.004 -26"><span class='ocrx_word' id='word_1_288' title='bbox 244 3815 372 3879; x_wconf 93' lang='lat' dir='ltr'><strong>domino</strong></span> <span class='ocrx_word' id='word_1_289' title='bbox 395 3836 453 3879; x_wconf 88' lang='lat' dir='ltr'><strong>suo</strong></span> <span class='ocrx_word' id='word_1_290' title='bbox 476 3814 561 3879; x_wconf 70' lang='lat' dir='ltr'><strong>stent</strong></span> <span class='ocrx_word' id='word_1_291' title='bbox 583 3823 616 3878; x_wconf 91' lang='lat' dir='ltr'><strong>et</strong></span> <span class='ocrx_word' id='word_1_292' title='bbox 637 3814 756 3880; x_wconf 88' lang='lat' dir='ltr'><strong>cadant</strong></span> <span class='ocrx_word' id='word_1_293' title='bbox 778 3838 817 3879; x_wconf 84' lang='lat' dir='ltr'><strong>ao</strong></span> <span class='ocrx_word' id='word_1_294' title='bbox 840 3815 896 3879; x_wconf 88' lang='lat' dir='ltr'><strong>filii</strong></span> <span class='ocrx_word' id='word_1_295' title='bbox 918 3826 965 3881; x_wconf 90' lang='lat' dir='ltr'><strong>tot</strong></span> <span class='ocrx_word' id='word_1_296' title='bbox 986 3817 1140 3903; x_wconf 87' lang='lat' dir='ltr'><strong>pudenda</strong></span> <span class='ocrx_word' id='word_1_297' title='bbox 1163 3821 1230 3882; x_wconf 89' lang='lat' dir='ltr'><strong>eius</strong></span> <span class='ocrx_word' id='word_1_298' title='bbox 1253 3820 1357 3905; x_wconf 82' lang='lat' dir='ltr'><strong>magis</strong></span> <span class='ocrx_word' id='word_1_299' title='bbox 1384 3819 1438 3884; x_wconf 91' lang='lat' dir='ltr'><strong>ab·</strong></span> 
     </span>
     <span class='ocr_line' id='line_1_35' title="bbox 243 3917 1439 4005; baseline 0.003 -22"><span class='ocrx_word' id='word_1_300' title='bbox 243 3917 400 3983; x_wconf 88' lang='lat' dir='ltr'><strong>scondere</strong></span> <span class='ocrx_word' id='word_1_301' title='bbox 431 3940 528 4003; x_wconf 87' lang='lat' dir='ltr'><strong>qnam</strong></span> <span class='ocrx_word' id='word_1_302' title='bbox 557 3917 704 3982; x_wconf 88' lang='lat' dir='ltr'><strong>revelare</strong></span> <span class='ocrx_word' id='word_1_303' title='bbox 735 3918 911 4002; x_wconf 89' lang='lat' dir='ltr'><strong>debebant,</strong></span> <span class='ocrx_word' id='word_1_304' title='bbox 941 3919 999 3984; x_wconf 89' lang='lat' dir='ltr'><strong>sed</strong></span> <span class='ocrx_word' id='word_1_305' title='bbox 1030 3919 1126 3985; x_wconf 89' lang='lat' dir='ltr'><strong>liceat</strong></span> <span class='ocrx_word' id='word_1_306' title='bbox 1148 3922 1179 3985; x_wconf 86' lang='lat' dir='ltr'><strong>S.</strong></span> <span class='ocrx_word' id='word_1_307' title='bbox 1197 3919 1276 3986; x_wconf 64' lang='lat' dir='ltr'><strong>Serli</strong></span> <span class='ocrx_word' id='word_1_308' title='bbox 1303 3931 1439 4005; x_wconf 87' lang='lat' dir='ltr'><strong>paterna</strong></span> 
     </span>
     <span class='ocr_line' id='line_1_36' title="bbox 243 4022 1439 4109; baseline 0.003 -22"><span class='ocrx_word' id='word_1_309' title='bbox 243 4025 338 4087; x_wconf 91' lang='lat' dir='ltr'><strong>venia</strong></span> <span class='ocrx_word' id='word_1_310' title='bbox 359 4022 412 4086; x_wconf 89' lang='lat' dir='ltr'><strong>hio</strong></span> <span class='ocrx_word' id='word_1_311' title='bbox 435 4023 531 4087; x_wconf 90' lang='lat' dir='ltr'><strong>etiam</strong></span> <span class='ocrx_word' id='word_1_312' title='bbox 553 4022 788 4108; x_wconf 89' lang='lat' dir='ltr'><strong>aliquantulum</strong></span> <span class='ocrx_word' id='word_1_313' title='bbox 811 4022 852 4088; x_wconf 89' lang='lat' dir='ltr'><strong>de</strong></span> <span class='ocrx_word' id='word_1_314' title='bbox 875 4025 920 4087; x_wconf 91' lang='lat' dir='ltr'><strong>eis</strong></span> <span class='ocrx_word' id='word_1_315' title='bbox 945 4023 1063 4107; x_wconf 84' lang='lat' dir='ltr'><strong>dicero,</strong></span> <span class='ocrx_word' id='word_1_316' title='bbox 1087 4023 1129 4087; x_wconf 90' lang='lat' dir='ltr'><strong>ad</strong></span> <span class='ocrx_word' id='word_1_317' title='bbox 1153 4046 1226 4088; x_wconf 91' lang='lat' dir='ltr'><strong>eum</strong></span> <span class='ocrx_word' id='word_1_318' title='bbox 1248 4028 1439 4109; x_wconf 89' lang='lat' dir='ltr'><strong>praesertim</strong></span> 
     </span>
     <span class='ocr_line' id='line_1_37' title="bbox 242 4126 1439 4215; baseline 0.002 -24"><span class='ocrx_word' id='word_1_319' title='bbox 242 4127 351 4209; x_wconf 87' lang='lat' dir='ltr'><strong>finem,</strong></span> <span class='ocrx_word' id='word_1_320' title='bbox 381 4138 417 4192; x_wconf 90' lang='lat' dir='ltr'><strong>ut</strong></span> <span class='ocrx_word' id='word_1_321' title='bbox 438 4126 496 4193; x_wconf 48' lang='grc' dir='ltr'><strong>δὴ·</strong></span> <span class='ocrx_word' id='word_1_322' title='bbox 518 4127 550 4192; x_wconf 91' lang='lat' dir='ltr'><strong>S.</strong></span> <span class='ocrx_word' id='word_1_323' title='bbox 575 4126 616 4192; x_wconf 91' lang='lat' dir='ltr'><strong>de</strong></span> <span class='ocrx_word' id='word_1_324' title='bbox 647 4130 841 4213; x_wconf 89' lang='lat' dir='ltr'><strong>competenti</strong></span> <span class='ocrx_word' id='word_1_325' title='bbox 870 4128 1013 4192; x_wconf 87' lang='lat' dir='ltr'><strong>remedio</strong></span> <span class='ocrx_word' id='word_1_326' title='bbox 1037 4150 1147 4194; x_wconf 89' lang='lat' dir='ltr'><strong>eorum</strong></span> <span class='ocrx_word' id='word_1_327' title='bbox 1169 4128 1272 4215; x_wconf 85' lang='lat' dir='ltr'><strong>plagis</strong></span> <span class='ocrx_word' id='word_1_328' title='bbox 1295 4130 1439 4213; x_wconf 87' lang='lat' dir='ltr'><strong>gratiose</strong></span> 
     </span>
     <span class='ocr_line' id='line_1_38' title="bbox 242 4230 1439 4319; baseline 0.004 -26"><span class='ocrx_word' id='word_1_329' title='bbox 242 4230 413 4315; x_wconf 87' lang='lat' dir='ltr'><strong>providere</strong></span> <span class='ocrx_word' id='word_1_330' title='bbox 429 4240 461 4295; x_wconf 93' lang='lat' dir='ltr'><strong>et</strong></span> <span class='ocrx_word' id='word_1_331' title='bbox 475 4231 506 4296; x_wconf 89' lang='lat' dir='ltr'><strong>S.</strong></span> <span class='ocrx_word' id='word_1_332' title='bbox 522 4230 625 4296; x_wconf 68' lang='lat' dir='ltr'><strong>Serlem</strong></span> <span class='ocrx_word' id='word_1_333' title='bbox 642 4241 729 4296; x_wconf 87' lang='lat' dir='ltr'><strong>tanto</strong></span> <span class='ocrx_word' id='word_1_334' title='bbox 744 4234 848 4318; x_wconf 86' lang='lat' dir='ltr'><strong>magis</strong></span> <span class='ocrx_word' id='word_1_335' title='bbox 865 4242 1054 4297; x_wconf 82' lang='lat' dir='ltr'><strong>excusatam</strong></span> <span class='ocrx_word' id='word_1_336' title='bbox 1078 4232 1197 4297; x_wconf 89' lang='lat' dir='ltr'><strong>habers</strong></span> <span class='ocrx_word' id='word_1_337' title='bbox 1220 4234 1326 4319; x_wconf 80' lang='lat' dir='ltr'><strong>possit,</strong></span> <span class='ocrx_word' id='word_1_338' title='bbox 1352 4232 1439 4318; x_wconf 92' lang='lat' dir='ltr'><strong>quod</strong></span> 
     </span>
     <span class='ocr_line' id='line_1_39' title="bbox 243 4334 1441 4423; baseline 0.005 -26"><span class='ocrx_word' id='word_1_339' title='bbox 243 4334 304 4398; x_wconf 89' lang='lat' dir='ltr'><strong>sibi</strong></span> <span class='ocrx_word' id='word_1_340' title='bbox 325 4336 359 4398; x_wconf 90' lang='lat' dir='ltr'><strong>in</strong></span> <span class='ocrx_word' id='word_1_341' title='bbox 382 4334 441 4399; x_wconf 93' lang='lat' dir='ltr'><strong>illis</strong></span> <span class='ocrx_word' id='word_1_342' title='bbox 464 4344 520 4399; x_wconf 88' lang='lat' dir='ltr'><strong>aut</strong></span> <span class='ocrx_word' id='word_1_343' title='bbox 542 4358 654 4401; x_wconf 87' lang='lat' dir='ltr'><strong>eorum</strong></span> <span class='ocrx_word' id='word_1_344' title='bbox 676 4336 833 4400; x_wconf 83' lang='lat' dir='ltr'><strong>adiutorio</strong></span> <span class='ocrx_word' id='word_1_345' title='bbox 855 4358 970 4421; x_wconf 89' lang='lat' dir='ltr'><strong>parum</strong></span> <span class='ocrx_word' id='word_1_346' title='bbox 992 4336 1144 4423; x_wconf 87' lang='lat' dir='ltr'><strong>praesidii</strong></span> <span class='ocrx_word' id='word_1_347' title='bbox 1162 4336 1350 4402; x_wconf 85' lang='lat' dir='ltr'><strong>collocatum</strong></span> <span class='ocrx_word' id='word_1_348' title='bbox 1367 4360 1441 4404; x_wconf 90' lang='lat' dir='ltr'><strong>esse</strong></span> 
     </span>
     <span class='ocr_line' id='line_1_40' title="bbox 243 4439 1441 4527; baseline 0.003 -25"><span class='ocrx_word' id='word_1_349' title='bbox 243 4440 413 4503; x_wconf 85' lang='lat' dir='ltr'><strong>existimat.</strong></span> <span class='ocrx_word' id='word_1_350' title='bbox 452 4439 537 4504; x_wconf 88' lang='lat' dir='ltr'><strong>Nam</strong></span> <span class='ocrx_word' id='word_1_351' title='bbox 560 4450 593 4503; x_wconf 88' lang='lat' dir='ltr'><strong>et</strong></span> <span class='ocrx_word' id='word_1_352' title='bbox 615 4441 675 4524; x_wconf 89' lang='lat' dir='ltr'><strong>ipsi</strong></span> <span class='ocrx_word' id='word_1_353' title='bbox 698 4440 739 4504; x_wconf 92' lang='lat' dir='ltr'><strong>ob</strong></span> <span class='ocrx_word' id='word_1_354' title='bbox 763 4439 867 4504; x_wconf 86' lang='lat' dir='ltr'><strong>dictas</strong></span> <span class='ocrx_word' id='word_1_355' title='bbox 890 4450 1064 4527; x_wconf 86' lang='lat' dir='ltr'><strong>perpetuas</strong></span> <span class='ocrx_word' id='word_1_356' title='bbox 1087 4443 1280 4505; x_wconf 83' lang='lat' dir='ltr'><strong>exacciones</strong></span> <span class='ocrx_word' id='word_1_357' title='bbox 1302 4463 1341 4505; x_wconf 88' lang='lat' dir='ltr'><strong>ao</strong></span> <span class='ocrx_word' id='word_1_358' title='bbox 1366 4464 1441 4506; x_wconf 93' lang='lat' dir='ltr'><strong>oon-</strong></span> 
     </span>
     <span class='ocr_line' id='line_1_41' title="bbox 242 4542 1440 4629; baseline 0.003 -22"><span class='ocrx_word' id='word_1_359' title='bbox 242 4543 429 4607; x_wconf 89' lang='lat' dir='ltr'><strong>tributiones</strong></span> <span class='ocrx_word' id='word_1_360' title='bbox 461 4553 493 4607; x_wconf 88' lang='lat' dir='ltr'><strong>et</strong></span> <span class='ocrx_word' id='word_1_361' title='bbox 522 4545 688 4628; x_wconf 86' lang='lat' dir='ltr'><strong>signanter</strong></span> <span class='ocrx_word' id='word_1_362' title='bbox 717 4542 758 4607; x_wconf 90' lang='lat' dir='ltr'><strong>ob</strong></span> <span class='ocrx_word' id='word_1_363' title='bbox 783 4542 984 4609; x_wconf 85' lang='lat' dir='ltr'><strong>divenditam</strong></span> <span class='ocrx_word' id='word_1_364' title='bbox 1009 4553 1155 4629; x_wconf 86' lang='lat' dir='ltr'><strong>quartam</strong></span> <span class='ocrx_word' id='word_1_365' title='bbox 1178 4554 1303 4629; x_wconf 86' lang='lat' dir='ltr'><strong>partem</strong></span> <span class='ocrx_word' id='word_1_366' title='bbox 1325 4566 1440 4611; x_wconf 88' lang='lat' dir='ltr'><strong>eorum</strong></span> 
     </span>
    </p>
   </div>
   <div class='ocr_carea' id='block_1_3' title="bbox 0 0 1559 5025">
    <p class='ocr_par' dir='ltr' id='par_1_6' title="bbox 0 0 1559 5025">
     <span class='ocr_line' id='line_1_42' title="bbox 0 0 1559 5025; baseline 0 0"><span class='ocrx_word' id='word_1_367' title='bbox 0 0 1559 5025; x_wconf 95' lang='lat' dir='ltr'><strong> </strong></span> 
     </span>
    </p>
   </div>
  </div>
 </body>
</html>
