3100 5025
1243 381 1283 446 21

89 599 163 642 nere
201 587 359 664 oporteat.
404 577 501 643 Unde
535 576 690 663 paulatim
719 579 785 640 suis
816 599 850 641 se
880 576 973 642 honis
1005 576 1148 642 denudat
1176 586 1207 642 et
1234 577 1288 642 alii

90 681 260 748 ditescunt.

191 788 287 872 Item,
312 788 519 852 obtinuerunt
541 811 560 850 a
584 786 649 851 Sua
673 785 755 850 Sertt
772 809 882 851 curam
907 797 938 851 et
961 790 1125 873 negotium
1147 785 1288 852 cudendi

89 903 245 957 monetas.

193 999 287 1083 Item,
320 998 382 1062 suh
405 1019 443 1062 eo
466 1005 647 1084 praetextu,
674 996 761 1082 quod
784 1019 839 1062 aes
863 996 1002 1063 alienum
1025 1021 1045 1062 a
1069 997 1100 1064 S.
1118 997 1200 1062 Serte
1215 1020 1286 1062 con-

89 1110 228 1167 tractum
252 1102 429 1167 dissolvere
452 1101 561 1186 velint,
586 1104 799 1187 impetrarunt
822 1105 917 1167 etiam
932 1101 1104 1189 vectigalia
1119 1105 1285 1178 mercium,

91 1230 173 1292 qnae
197 1229 273 1271 cum
297 1205 579 1292 praetermodum
607 1209 784 1292 auxissent,
816 1206 951 1292 lucrum,
980 1207 1066 1294 quod
1096 1211 1184 1294 prius
1212 1207 1287 1272 inde

89 1311 318 1398 recipiebatur,
342 1310 475 1375 multum
499 1313 741 1376 imminuerunt:
765 1334 841 1376 nam
864 1323 1059 1378 mercatores
1082 1314 1167 1376 aucti
1190 1313 1286 1377 vecti·

89 1415 168 1500 galis
201 1417 346 1480 novitate
374 1419 524 1480 commoti
558 1439 632 1480 suas
665 1439 790 1480 merces
822 1438 881 1502 per
911 1416 973 1482 elia
1000 1415 1070 1482 loca
1099 1440 1184 1481 nunc
1215 1440 1286 1482 con·

91 1520 222 1585 ducunt.
257 1519 354 1586 Unde
378 1520 587 1606 provinciales
611 1530 852 1607 conqueruntur
874 1542 908 1584 se
932 1543 974 1584 ex
992 1521 1174 1586 huiusmodi
1189 1523 1285 1586 veeti-

91 1625 217 1710 galibns
242 1627 347 1690 minus
370 1628 524 1712 recipcre.

195 1731 289 1794 Haec
305 1739 389 1813 sunt,
414 1753 496 1815 quae
512 1732 544 1794 in
560 1731 621 1794 illis
638 1729 782 1817 partibus
799 1755 817 1794 a
834 1753 890 1795 me
914 1732 1053 1818 partim
1074 1731 1229 1815 cognita
1252 1739 1287 1794 et

91 1836 230 1920 partim
253 1857 273 1898 a
297 1833 463 1898 diversis
486 1833 618 1899 audita
639 1833 717 1900 Serti
731 1835 771 1899 V.
785 1857 844 1920 per
861 1857 985 1899 summa
1006 1833 1166 1920 quaedam
1182 1836 1288 1920 capita

94 1939 304 2025 proponenda
315 1939 455 2023 fuerunt,
471 1949 507 2003 ut
522 1949 727 2025 perspectum
743 1940 873 2022 haheat,
891 1937 1050 2026 quomodo
1063 1938 1170 2005 seren
1184 1939 1286 2003 archi-

92 2043 159 2107 dux
176 2042 340 2108 Carolus
360 2065 380 2107 a
396 2045 461 2107 suis
477 2042 726 2130 provincialibus
742 2045 776 2108 in
790 2053 926 2130 utroque
942 2043 1070 2108 homine
1085 2051 1240 2108 tractetur
1256 2053 1288 2107 et

94 2149 185 2212 simul
209 2149 240 2212 ei
262 2147 431 2212 consilium
454 2147 508 2212 det
531 2158 562 2213 et
585 2151 725 2213 animum
749 2148 850 2213 addat
873 2146 915 2212 ad
938 2169 989 2212 res
1010 2147 1141 2211 dominii
1157 2150 1205 2211 sui
1221 2157 1287 2212 tam

94 2253 272 2340 spirituales
296 2276 394 2339 quam
415 2252 609 2339 temporales
632 2254 745 2318 melius
769 2251 1009 2319 constituendas
1031 2275 1075 2316 ac
1091 2251 1285 2340 dirigendas,

95 2362 235 2423 maxime
264 2379 343 2422 vero
373 2368 409 2422 ut
438 2360 529 2422 iuxta
558 2367 700 2423 mentem
728 2357 782 2422 S¹¹¹i
801 2357 921 2422 domini
948 2359 1048 2421 nostri
1070 2379 1109 2420 ac
1132 2378 1191 2442 pro
1214 2379 1286 2420 con·

96 2465 253 2527 scienciae
284 2484 363 2526 snae
394 2461 504 2527 debita
535 2473 567 2528 ct
595 2464 778 2528 necessaria
810 2463 973 2549 exigentia
999 2459 1134 2548 publico
1165 2461 1286 2547 scripto

92 2566 287 2653 profiteatur
306 2568 403 2653 piam
429 2566 637 2630 intentionem
667 2578 700 2631 et
729 2570 896 2653 egregium
923 2569 1065 2631 animum
1092 2589 1186 2630 suum
1210 2588 1287 2650 erga
1333 2559 1337 2567 ’

94 2672 281 2758 religionem
297 2682 330 2736 et
349 2671 518 2736 ecelesiam
543 2671 743 2756 catholicam,
767 2674 957 2758 praesertim
981 2674 1077 2736 etiam
1101 2680 1212 2735 contra
1239 2692 1286 2751 ea,

94 2799 175 2862 qnae
199 2776 414 2862 provinciales
437 2799 495 2861 pro
519 2776 650 2841 arbitrio
674 2797 731 2840 suo
754 2775 846 2840 aliter
871 2799 968 2862 quam
984 2776 1016 2841 S.
1033 2776 1127 2841 Sei-²²³
1142 2782 1289 2839 senserat

94 2904 131 2944 ac
154 2880 295 2963 dixerat,
318 2879 541 2966 publicarunt3
565 2880 705 2965 alioquin
728 2882 835 2944 omnia
857 2882 889 2944 in
913 2882 1055 2965 peiorem
1078 2888 1195 2943 statum
1218 2900 1287 2942 rue-

95 3002 176 3068 rent,
198 2984 371 3049 haereticis
386 2984 524 3049 andacia
539 2984 712 3048 accederet
727 2993 760 3048 et
774 2984 806 3049 S.
825 2982 914 3049 sert*
928 2986 1099 3049 auctoritas
1114 2982 1287 3069 plurimum

94 3089 344 3154 imminueretur.
376 3088 482 3154 Possit
504 3098 611 3153 autem
638 3111 657 3152 a
680 3088 713 3153 S.
734 3088 816 3154 sere
837 3087 871 3151 id
896 3090 1052 3173 praestari
1079 3086 1138 3151 sub
1162 3086 1211 3151 his
1233 3085 1287 3150 ad·
1383 3114 1386 3117 ·

95 3193 204 3257 iuncta
223 3192 362 3257 formula
379 3203 435 3257 aut
453 3193 516 3258 alia
531 3191 634 3257 simili.
669 3190 756 3257 Nihil
771 3201 881 3257 autem
896 3213 1018 3275 vereor,
1035 3192 1112 3275 quin
1127 3187 1287 3254 archidux

97 3296 255 3363 Carolus
277 3300 318 3362 sit
343 3296 480 3362 libenter
501 3296 656 3381 facturus,
680 3295 833 3383 quicquid
850 3296 944 3362 Sere·
960 3296 999 3360 V.
1017 3295 1211 3359 consuluerit
1234 3302 1289 3358 aut

98 3404 240 3466 suaserit.
287 3400 384 3481 Quod
418 3404 515 3467 etiam
550 3402 582 3467 S.
611 3403 705 3467 sere
731 3401 942 3466 vehementer
976 3408 1094 3484 speret,
1133 3420 1217 3484 quae
1255 3400 1286 3461 in

99 3503 185 3569 Ser⁶⁶
200 3506 241 3567 V.
265 3508 423 3592 sapientia
444 3528 483 3570 ae
508 3509 627 3592 pietate
657 3508 689 3570 in
720 3503 855 3570 ferendo
880 3505 974 3571 Sermo
1000 3502 1166 3569 archiduoi
1196 3501 1288 3567 fratri

101 3610 316 3675 consiliumet
337 3632 432 3695 opem
454 3609 627 3696 plurimum
649 3609 790 3675 confidit.

391 3764 479 3832 serie
493 3767 560 3831 V¹¹⁶
583 3765 800 3831 deditissimus
824 3764 866 3829 ad
890 3766 996 3830 omnia

903 3903 1106 3971 (eigsnhtndig)

758 4027 783 4090 1.
801 4025 900 4090 Folio.
926 4026 1094 4112 episcopus
1118 4024 1243 4090 Scalen.

779 4128 954 4215 N(uncius)
978 4126 1221 4215 A(postolicus).

200 4288 243 4355 (12
268 4287 321 4337 Bll.
349 4288 378 4336 in
404 4286 461 4353 iol.)
499 4288 559 4337 Von
585 4288 684 4337 diesem
712 4286 812 4338 Stttclre
838 4286 906 4352 liogt
932 4286 1000 4336 noch
1028 4286 1072 4336 ein
1099 4285 1206 4349 Auseug
1233 4301 1288 4334 vor.

107 4372 221 4439 3Bogau
239 4375 268 4423 in
285 4376 378 4436 Quart.
