3100 5025
226 280 270 345 20

227 473 305 556 dux,
335 483 371 538 ut
401 472 531 558 publica
560 496 624 537 vox
653 483 710 558 est,
746 487 942 560 conquest-us
974 484 1069 557 esset,
1103 477 1159 538 vix
1188 474 1319 539 tandem
1349 485 1424 560 post

226 577 356 662 longam
371 579 607 642 contentionem
622 576 754 642 adducti
769 589 853 660 suut,
870 587 906 642 ut
921 579 954 643 S.
972 577 1049 642 Sorti
1065 581 1161 643 etiam
1182 601 1279 643 unam
1294 578 1422 643 clavem

226 681 428 765 tradiderint,
452 681 514 746 hac
536 692 645 746 tamen
669 681 861 766 conditione,
893 693 927 748 ut
950 685 981 747 in
1010 685 1165 768 regimine
1195 693 1334 765 maneat,
1365 683 1421 748 ubi

227 788 374 872 exceptis
397 786 580 852 doctoribus
604 809 714 852 omnes
736 787 950 873 provinciales
972 788 1117 853 suntsed
1133 787 1284 874 praelatis
1299 789 1421 854 nullam

229 890 396 956 dederunt.
443 891 483 955 Id
516 891 603 978 quod
637 891 880 978 provincialium
919 903 1102 979 suspectam
1139 893 1238 957 fidem
1275 896 1308 958 in
1337 895 1422 979 prin·

228 997 333 1081 cipem
356 1018 450 1059 suum
472 999 587 1080 arguit.
622 995 676 1060 Ad
700 995 778 1082 quid
801 999 929 1081 mirum,
953 1019 1027 1063 cum
1043 998 1151 1063 Deum
1175 1008 1206 1063 et
1229 999 1296 1061 eius
1320 998 1422 1061 eecle-

227 1103 308 1166 siam
330 1101 556 1166 deseruerint?

331 1206 424 1289 Item,
447 1205 546 1269 feuda
569 1215 605 1269 ut
626 1208 724 1269 moris
746 1215 795 1269 est
822 1230 841 1269 a
862 1205 894 1270 S.
921 1205 1004 1271 Sere
1025 1210 1173 1292 accipere
1201 1215 1421 1289 contemnunt,

227 1312 303 1373 satis
327 1331 398 1374 esse
421 1311 612 1395 inquientes,
644 1309 730 1394 quod
753 1311 817 1374 iam
840 1309 939 1375 semel
963 1333 982 1374 a
1005 1311 1178 1376 maioribus
1206 1333 1244 1374 ac
1274 1313 1421 1396 progeni-

227 1414 350 1478 toribus
373 1415 438 1478 suis
460 1413 579 1477 fuerint
600 1423 745 1498 accepta.

331 1518 423 1600 Item,
452 1519 665 1602 impetrarunt
694 1540 714 1581 a
743 1539 802 1582 sua
826 1518 917 1597 sere,
949 1528 985 1583 ut
1013 1527 1144 1604 possent
1165 1518 1285 1604 ubique
1308 1519 1421 1581 venari

227 1621 313 1685 feras
329 1623 474 1705 exceptis
497 1623 611 1703 cervis,
636 1643 716 1706 quos
739 1623 836 1686 etiam
859 1623 1021 1688 interdum
1043 1625 1184 1707 capiunt,
1208 1645 1283 1686 cum
1305 1621 1421 1686 iniuria

227 1725 400 1811 aliquando
423 1725 455 1790 S.
477 1723 577 1809 serm,
602 1735 636 1790 ut
665 1724 727 1788 hac
755 1737 878 1790 aestate
906 1726 1033 1790 accidit.
1080 1727 1251 1812 Namque
1275 1737 1420 1811 tempore

228 1829 261 1894 S.
278 1829 372 1893 Sed*s
384 1830 412 1893 P
418 1832 567 1894 ctoviae
583 1840 662 1913 erat,
678 1840 714 1894 ut
730 1833 885 1895 exercitui
902 1833 1111 1917 propinquior
1127 1841 1219 1912 esset,
1241 1831 1422 1894 instituerat

228 1935 261 1998 in
291 1934 432 2020 quadam
461 1933 543 1998 silva
573 1956 686 2019 parum
717 1945 840 2000 remote
871 1939 981 2000 venari
1014 1944 1046 1999 et
1076 1957 1149 2000 cum
1180 1935 1222 1999 ad
1252 1957 1324 2000 eam
1351 1955 1421 1998 rem

228 2048 397 2103 venatores
428 2061 503 2103 suos
532 2060 607 2102 cum
635 2041 827 2103 necessariis
851 2041 1077 2124 praemisisset,
1106 2038 1260 2124 subsequi
1290 2037 1343 2102 die
1374 2059 1421 2102 se-

228 2152 348 2227 quente
370 2141 490 2207 volenti
511 2145 698 2207 nunciatum
721 2153 780 2226 est,
811 2164 875 2206 non
898 2165 969 2208 esse
999 2165 1143 2227 necesse,
1174 2142 1333 2228 siquidem
1359 2144 1422 2228 pri-

229 2246 282 2310 die
312 2246 434 2310 ibidem
463 2245 676 2330 provinciales
704 2245 848 2312 nonnulli
882 2250 990 2312 venati
1025 2257 1133 2312 essent
1166 2257 1197 2312 et
1230 2248 1338 2311 omnia
1372 2267 1423 2310 ce·

228 2353 358 2437 pissent.

329 2455 422 2537 Item,
454 2476 528 2519 cum
549 2455 582 2518 in
604 2453 715 2541 Styria
743 2455 885 2520 solvatur
911 2454 1050 2541 vectigal
1081 2455 1158 2539 vini,
1186 2456 1254 2520 eius
1277 2455 1422 2519 maxime

227 2557 313 2643 quod
342 2582 386 2623 ex
408 2560 541 2623 Austris
572 2558 753 2642 adducitur,
785 2558 936 2624 videlicet
966 2569 1037 2625 octo
1060 2558 1172 2624 florcni
1200 2581 1257 2644 pro
1288 2558 1422 2645 singulis

227 2662 328 2744 doliis,
352 2673 472 2748 cogunt
493 2665 591 2727 etiam
612 2664 645 2728 S,
663 2662 754 2728 sert·
767 2666 843 2727 vina
867 2662 973 2729 eidem
996 2664 1146 2748 vectigali
1168 2664 1312 2728 subesse.

331 2766 423 2847 Item,
459 2789 533 2831 cum
570 2767 683 2831 domus
714 2769 888 2832 Austriaca
916 2791 959 2832 ex
993 2770 1216 2833 vetustissimis
1246 2766 1423 2853 privilegiis

227 2879 261 2934 et
289 2873 523 2955 praerogativis
552 2870 681 2955 habeat,
712 2881 748 2936 ut
776 2871 820 2936 ad
853 2870 940 2936 aliud
970 2871 1110 2937 tribunal
1140 2874 1252 2937 venire
1283 2893 1345 2936 non
1368 2871 1424 2935 de-

228 2973 336 3056 beant,
367 2996 560 3060 quecunque
591 2978 829 3040 controversiae
860 2985 892 3041 et
920 2998 1038 3041 causae
1067 2980 1151 3041 inter
1181 2998 1253 3041 eam
1282 2985 1314 3041 et
1344 2974 1424 3041 alios

227 3087 401 3161 vertentur,
425 3101 465 3143 ac
480 3079 512 3144 S.
531 3079 624 3144 sere·
640 3081 796 3163 statuerit,
820 3083 902 3145 utin
919 3083 1143 3146 controversiis
1159 3090 1191 3145 et
1206 3081 1321 3164 causis,
1339 3102 1424 3164 quas

227 3185 309 3247 inter
330 3185 434 3268 ipsam
456 3206 496 3247 ac
518 3183 663 3248 subditos
688 3206 763 3248 suos
787 3194 967 3267 occurrent,
995 3187 1140 3270 regimen
1163 3207 1255 3249 suum
1280 3184 1422 3267 definiat,

227 3286 260 3350 id
283 3286 496 3371 provinciales
519 3288 700 3353 concedere
722 3288 809 3352 nullo
833 3288 929 3353 modo
952 3288 1072 3372 volunt,
1098 3288 1156 3353 sed
1178 3288 1239 3352 sibi
1268 3286 1423 3352 iudicium

227 3389 403 3457 vendicant
424 3414 463 3456 ac
486 3395 616 3477 propria
638 3395 671 3457 vi
695 3402 727 3456 et
748 3395 938 3458 auctoritate
960 3402 1118 3457 asserunt.
1165 3390 1237 3473 Quo
1260 3392 1306 3475 fit,
1333 3402 1369 3456 ut
1395 3395 1423 3457 si

227 3494 260 3559 S.
285 3495 378 3561 serr
401 3494 573 3580 aliquando
604 3495 750 3561 subditos
781 3518 854 3561 suos
877 3499 1019 3561 maxime
1042 3494 1166 3561 nobiles
1189 3498 1264 3561 citet
1290 3504 1423 3581 propter

228 3620 320 3663 arces
344 3598 395 3663 vel
417 3599 480 3665 alia
503 3599 589 3664 bona
610 3624 631 3664 a
654 3622 783 3664 camera
806 3600 839 3665 S.
856 3599 946 3666 Sertin
967 3600 1027 3664 illis
1050 3622 1214 3681 concessa,
1244 3621 1309 3664 non
1339 3621 1423 3664 com·

227 3713 373 3787 pareant,
406 3701 467 3767 sub
498 3725 536 3767 eo
567 3712 751 3789 praetextu,
786 3703 872 3789 quod
904 3698 1117 3789 provinciales
1151 3703 1292 3769 tribunal
1326 3726 1421 3769 suum

226 3806 380 3871 habeant.

331 3912 424 3994 Item,
448 3910 534 3995 quod
558 3911 590 3976 S.
608 3911 702 3975 sere·
722 3910 765 3975 ad
789 3910 990 3976 diversorum
1013 3910 1258 3996 provincialium
1288 3912 1422 3976 haereti-

228 4036 339 4079 corum
369 4016 537 4101 petitiones
566 4015 652 4080 bona
678 4038 828 4081 camerae
856 4037 933 4080 suae
965 4015 1071 4098 donet,
1106 4015 1201 4081 modo
1235 4014 1297 4080 hoc
1326 4014 1423 4081 modo

227 4116 315 4202 illud,
343 4128 375 4183 et
401 4120 468 4182 iam
493 4121 576 4184 inter
602 4118 665 4183 alia
691 4119 826 4185 donavit
848 4118 939 4184 aulas
963 4142 1046 4202 suas,
1071 4141 1151 4205 quas
1173 4120 1195 4184 J
1200 4119 1422 4204 udenburgi

228 4224 317 4285 etin
344 4222 463 4307 oppido
491 4223 623 4287 Sancti
650 4223 750 4287 Viti¹
778 4223 931 4307 habebat,
956 4233 991 4288 ut
1020 4244 1117 4307 nunc,
1149 4225 1175 4287 si
1205 4223 1246 4287 ad
1278 4246 1318 4288 ea
1350 4222 1422 4288 loca

228 4325 371 4409 accedat,
404 4326 568 4412 publicum
598 4326 724 4412 ingredi
754 4328 926 4414 hospitium
955 4336 1011 4392 aut
1039 4330 1073 4391 in
1103 4327 1209 4391 aliena
1238 4328 1331 4392 domo
1355 4350 1421 4391 ma-

228 4477 389 4485 ————.-
400 4479 434 4485 -.-

269 4552 279 4582 ²
297 4552 335 4603 St.
349 4554 411 4604 Veit
429 4556 458 4604 in
476 4555 607 4605 Ktimtan.
