3100 5025
262 301 328 369 260

263 485 324 550 ohe
354 494 467 571 queste
499 507 574 551 oose
605 487 694 550 siano
717 486 953 551 communicate
976 507 1037 550 eon
1060 483 1156 572 pochi
1178 496 1211 550 et
1233 485 1462 571 quentoprime

262 589 440 675 espedite.·

829 729 900 794 130.

263 866 396 933 Zweites
416 867 664 932 Memorandum
686 868 740 934 des
762 867 913 950 Bisodofs
935 889 994 931 oon
1018 867 1109 933 Gnrlo
1138 869 1214 932 iiber
1236 867 1288 932 die
1308 866 1461 948 Haltnnq

262 971 441 1055 Ereieerrop
463 973 565 1038 Karls
586 974 631 1036 im
653 972 824 1055 Landtape
845 993 914 1038 omn
936 971 1105 1038 December
1128 975 1214 1036 1580
1241 971 1289 1036 bis
1311 971 1462 1036 Febrnar

455 1081 539 1142 1581
546 1100 556 1156 ;
578 1082 722 1142 erstottet
743 1079 780 1141 in
802 1077 884 1142 Rom
905 1098 960 1141 am
981 1081 1033 1144 27.
1050 1076 1147 1158 April
1169 1079 1264 1141 1581.
1335 1157 1340 1164 ‚

583 1217 678 1282 (In-L,
697 1217 755 1268 Rei.
768 1217 895 1267 Beriohte
913 1232 948 1268 en
966 1217 1018 1268 den
1036 1217 1138 1284 Pspst)

366 1373 489 1437 Parere
511 1372 596 1437 forse
619 1375 640 1436 it
661 1372 760 1453 molti,
784 1372 844 1437 ohe
867 1373 889 1436 il
911 1371 1006 1438 Ser¹²¹⁰
1028 1370 1182 1437 aroiduea
1202 1369 1314 1436 Oerlo
1339 1369 1462 1435 habbia

262 1478 341 1541 fatto
370 1476 486 1562 grend'
503 1497 611 1541 errore
643 1476 695 1541 nel
718 1476 879 1541 relentere
903 1477 922 1541 1’
936 1479 1136 1542 essecutione
1160 1475 1213 1540 del
1236 1476 1368 1540 decreto
1393 1475 1461 1540 ulo·-

263 1589 424 1646 mamente
454 1581 532 1646 fatto
563 1603 660 1666 sopra
689 1580 709 1644 l’
723 1583 886 1646 essereitio
914 1580 998 1646 della
1020 1581 1174 1667 religione
1197 1604 1217 1645 a
1240 1581 1308 1644 suoi
1331 1581 1461 1665 provin·

264 1685 337 1748 ciali
353 1684 385 1748 di
402 1685 507 1749 Stiria.
531 1683 593 1748 ΑΠ’
608 1688 752 1749 incontro
777 1684 890 1750 dubita
905 1685 937 1751 S.
952 1684 1018 1768 A²¹‚
1043 1683 1104 1748 ohe
1120 1707 1183 1748 non
1206 1686 1232 1748 si
1257 1681 1462 1748 considerino

263 1787 307 1853 de
329 1790 402 1853 tutti
423 1789 443 1854 l’
456 1787 676 1874 impedimenti
699 1811 717 1852 e
740 1789 871 1873 perieoli
893 1788 1093 1874 impendenti
1124 1786 1263 1853 secondo
1286 1787 1306 1851 il
1329 1789 1462 1873 proprio

264 1903 296 1958 et
326 1916 402 1964 vero
432 1903 515 1958 stato
547 1893 621 1957 dell'
640 1915 748 1958 essere
780 1893 813 1957 di
835 1892 943 1979 quella
966 1895 1133 1979 provincia
1156 1902 1188 1956 et
1209 1913 1267 1956 sue
1290 1892 1377 1955 reale
1402 1893 1462 1954 eir-

264 2008 448 2082 eonstanne‚
472 2008 504 2062 et
526 1997 640 2062 dubita
663 1997 816 2080 anchora,
849 1998 909 2062 ohe
932 1999 980 2062 sia
1003 2007 1114 2064 tennto
1136 1996 1158 2060 il
1180 2007 1272 2082 poter
1294 2017 1351 2060 suo
1375 1997 1461 2060 assei

263 2105 428 2191 maggiore
452 2102 484 2167 di
507 2101 581 2188 quel
606 2101 666 2166 ohe
689 2104 720 2165 in
745 2103 848 2167 verita
871 2105 897 2165 si
912 2111 1014 2167 trove.
1038 2101 1082 2166 Et
1096 2110 1216 2188 quanto
1239 2124 1260 2164 a
1281 2121 1316 2164 se
1341 2121 1358 2163 e
1382 2099 1462 2164 ssor-

264 2218 334 2273 zeto
351 2208 545 2289 confessore,
570 2204 630 2269 ohe
652 2205 683 2269 le
706 2204 794 2270 forne
817 2227 893 2270 sono
916 2205 1012 2270 molto
1036 2205 1152 2291 deboli,
1177 2207 1252 2291 ogni
1274 2203 1372 2286 volte,
1397 2203 1461 2268 ohe

263 2312 295 2376 ln
316 2314 477 2398 provIntia
499 2314 597 2376 retire
618 2310 650 2374 le
673 2333 783 2394 man03
806 2309 891 2374 onde
913 2308 1063 2375 havendo
1088 2309 1130 2375 da
1154 2311 1265 2375 venire
1289 2308 1462 2373 contrade

263 2415 450 2501 provinciali
473 2417 576 2480 istessi
600 2438 620 2480 e
642 2417 842 2479 essecutione
866 2415 1105 2498 streordinarie,
1135 2413 1271 2499 bisogna
1294 2413 1355 2478 ohe
1378 2435 1462 2498 poeo

265 2522 290 2583 si
320 2520 410 2584 fondi
438 2522 471 2584 in
501 2520 599 2600 forne,
630 2519 691 2585 ohe
722 2520 862 2605 dependi
893 2520 969 2584 delli
996 2522 1069 2584 steti
1092 2522 1196 2584 istessi
1219 2518 1252 2583 di
1276 2519 1364 2583 detta
1388 2541 1460 2605 pro-

265 2646 383 2688 vincia.

368 2726 458 2792 Hora
480 2728 500 2791 li
523 2729 711 2813 provinciali
733 2730 836 2794 infetti
859 2727 891 2793 di
913 2750 996 2814 gran
1018 2728 1115 2814 longe
1138 2730 1293 2815 superiori
1316 2727 1368 2793 elli
1385 2727 1461 2793 altri

264 2833 289 2895 si
313 2834 345 2895 in
368 2854 542 2897 numeros
566 2836 699 2921 seguito,
724 2856 816 2898 come
838 2835 871 2898 in
894 2842 1040 2919 potenza,
1065 2833 1142 2897 fatte
1164 2832 1194 2896 le
1218 2834 1320 2919 prime
1342 2832 1391 2896 lor
1414 2830 1462 2895 di-

264 2935 383 3001 mande
406 2959 465 3022 per
486 2936 518 3000 le
539 2940 735 3022 mitigatione
759 2938 792 3001 di
813 2937 886 3024 quel
904 2937 1034 3003 decreto
1050 2959 1110 3002 oon
1126 2937 1224 3002 molto
1239 2938 1463 3001 sommissione

265 3066 282 3105 e
305 3040 448 3126 humilta,
473 3041 622 3106 vedendo
646 3040 707 3105 ohe
730 3065 793 3107 non
818 3064 917 3106 erano
939 3052 1036 3128 ponto
1060 3040 1223 3125 essauditi,
1245 3050 1314 3106 roto
1330 3040 1352 3105 il
1367 3041 1463 3106 freno

265 3144 350 3211 della
372 3146 529 3211 modestia
550 3168 671 3211 venero
694 3170 715 3210 a
737 3148 869 3231 protesti
893 3168 910 3210 e
935 3145 1173 3211 dechieratione
1191 3144 1224 3209 di
1240 3142 1368 3209 voler'a
1384 3145 1463 3230 ogni

264 3250 359 3316 modo
388 3251 455 3316 loro
486 3250 637 3337 possibile
662 3250 859 3316 deffendersi
883 3272 901 3314 e
924 3252 1118 3315 mantenersi
1142 3248 1226 3313 nelle
1248 3248 1365 3314 liberte
1388 3271 1463 3314 oon-

265 3377 366 3437 eemn,
389 3376 467 3418 over
490 3354 635 3438 tolerata,
666 3378 694 3440 o,
728 3354 860 3420 doloro
883 3355 1238 3439 sin'hornprattioste,
1269 3375 1330 3417 oon
1353 3353 1375 3417 il
1400 3352 1463 3417 ohe

264 3460 425 3522 venivano
448 3467 670 3542 apertamente
693 3484 713 3522 a
735 3462 906 3524 intimare
929 3458 961 3523 S.
974 3457 1041 3541 A¹⁸‚
1065 3456 1126 3521 ohe
1148 3457 1168 3521 l’
1182 3459 1384 3521 essecutione
1408 3455 1464 3521 ha-

265 3583 350 3624 veva
380 3582 487 3623 essere
518 3558 552 3623 di
581 3560 680 3646 soree,
712 3563 826 3648 poiche
859 3562 1096 3629 dechiaravano
1126 3562 1157 3626 ie
1184 3564 1370 3627 resistenza.
1411 3560 1463 3625 Ne

265 3662 402 3727 essendo
426 3661 458 3727 S.
475 3661 532 3727 A*
555 3675 727 3750 preparate
757 3690 778 3731 a
809 3668 867 3751 oio,
899 3676 931 3732 et
961 3665 1097 3731 essendo
1119 3665 1138 3729 l'
1153 3668 1350 3751 oppositione
1374 3687 1463 3752 meg-

265 3768 353 3851 giore
377 3766 408 3829 d'
422 3769 496 3851 ogni
519 3770 652 3833 rimedio
677 3793 694 3834 o
719 3774 910 3856 provisione,
935 3771 995 3835 ohe
1018 3794 1078 3858 per
1099 3770 1210 3836 elhore
1233 3780 1361 3855 potesse
1384 3770 1465 3835 farsi

142 3893 145 3897 ·
266 3868 309 3934 dn
331 3868 363 3933 S.
380 3870 477 3935 ΑΜ
505 3880 587 3937 state
617 3874 756 3938 sfornete
788 3873 930 3940 differire
959 3876 979 3939 l’
998 3878 1196 3940 esseoutione
1228 3882 1260 3938 et
1289 3873 1464 3959 guardarsi

265 3974 389 4036 intorno
420 3997 454 4038 se
477 3998 540 4061 puo
563 3989 672 4042 trever
695 3975 790 4042 modo
813 3978 845 4041 di
869 3978 1055 4063 esseguirla.
1094 3978 1136 4042 Et
1158 3976 1318 4059 rodendo,
1351 3976 1413 4042 ohe
1437 3980 1464 4042 si

266 4098 344 4140 sono
375 4077 551 4145 deehiarati
581 4082 665 4146 forse
696 4081 776 4147 oltra
806 4081 838 4146 le
869 4082 1030 4147 eredenza
1054 4082 1094 4146 de
1118 4082 1204 4146 molti
1229 4082 1294 4145 oosi
1316 4080 1464 4146 risoluta-

267 4190 383 4264 mente,
414 4205 473 4269 per
504 4208 566 4250 non
597 4209 711 4250 cascar
732 4188 765 4249 in
789 4188 936 4271 maggior
958 4210 1067 4251 errore
1090 4209 1108 4250 e
1129 4186 1299 4269 bisognsto
1322 4207 1464 4271 pensare

266 4285 382 4368 aquei
406 4288 466 4352 che
489 4313 530 4375 po
554 4290 586 4357 S.
600 4289 657 4354 Au
680 4312 698 4354 e
721 4290 825 4355 anoho
849 4314 868 4355 a
892 4292 997 4377 quello
1021 4290 1081 4355 ehe
1104 4312 1240 4376 possono
1264 4292 1368 4374 questi
1393 4313 1463 4376 pro-

267 4390 394 4455 vinciali
417 4395 534 4459 istessi.

304 4592 317 4613 ⁸
335 4582 367 4632 In
384 4584 470 4635 dorso:
491 4589 588 4647 Prima,
606 4588 650 4636 die
669 4588 793 4639 Secunda
810 4608 831 4638 s.
844 4595 926 4639 unten
946 4590 990 4639 Nr.
1009 4590 1065 4638 130.
