3100 5025
238 300 278 364 16

234 493 311 559 dam
333 493 549 560 exsultatione
571 493 717 561 adhibita
738 495 878 581 gloriari.
913 493 1119 582 Quapropter
1141 495 1199 560 tibi
1222 495 1428 581 mandamus,

236 608 271 664 ut
301 598 430 664 modum
458 609 490 664 et
511 600 648 664 formum
670 602 716 665 rei
739 601 932 683 universam,
964 601 1152 686 praesertim
1176 621 1253 665 vcro
1277 601 1431 667 authores

236 702 329 767 huius
351 705 499 769 novitatis
522 715 674 770 accurata
696 706 898 790 inquisitione
922 706 1099 789 praemissa
1122 707 1358 790 quamprimum
1387 705 1432 770 ad

236 829 294 871 nos
316 808 520 893 perscribasl
544 819 604 874 etc.

339 911 463 977 Extant
483 915 580 977 etiam
603 913 685 978 aliae
708 913 751 977 ad
774 922 932 995 senatum,
962 914 1013 976 cui
1044 912 1187 998 mandat,
1215 923 1250 977 ut
1280 913 1432 978 authores

236 1015 330 1080 huius
353 1015 540 1082 insolentiae
564 1019 686 1102 puniat.

339 1119 431 1203 Item,
456 1144 529 1184 cum
552 1124 585 1185 in
608 1120 726 1206 oppido
748 1119 1012 1206 Schwanberg
1034 1119 1212 1206 parrochus
1235 1123 1432 1206 resignasset

236 1234 268 1288 et
290 1223 399 1290 Ser¹³¹¹⁸
419 1224 588 1308 archidux,
612 1225 654 1289 ad
678 1247 774 1311 quem
798 1237 833 1290 ut
856 1228 924 1290 eius
945 1225 1007 1290 loci
1029 1224 1194 1290 dominum
1209 1225 1430 1290 immediatum

237 1327 361 1392 collatio
377 1339 511 1414 spectat,
535 1352 608 1394 cum
631 1329 832 1394 sacerdotem
857 1329 1048 1394 catholicum
1071 1339 1320 1415 praesentasset,
1345 1353 1430 1394 cum·

237 1455 301 1518 que
334 1435 505 1519 episcopus
538 1434 788 1498 Lavantinensis
822 1433 966 1498 eiusdem
1000 1434 1060 1498 loci
1099 1433 1279 1498 ordinarius
1317 1434 1430 1498 contir-

236 1544 365 1620 masset,
395 1536 618 1601 nichilominus
646 1536 815 1622 parrochia
842 1539 1077 1623 possessionem
1107 1537 1162 1601 diu
1193 1537 1337 1602 obtinere
1365 1560 1429 1602 non

236 1642 347 1727 potuit,
378 1640 601 1706 resistentibus
624 1641 763 1726 quodam
788 1640 921 1706 Galler
943 1640 1040 1707 nobili
1062 1663 1101 1706 ac
1125 1641 1260 1725 civibus,
1288 1643 1343 1727 qui
1366 1643 1429 1706 iam

236 1745 433 1810 haereticum
456 1747 713 1810 concionatorem
740 1744 997 1828 introduxerant,
1029 1755 1061 1810 et
1082 1745 1157 1811 licet
1178 1745 1355 1831 parrochus
1379 1769 1429 1811 ca·

236 1848 373 1915 thelicus
403 1850 445 1915 ad
475 1850 629 1916 mandata
656 1873 733 1915 suae
756 1848 845 1916 Sertis
860 1850 993 1914 tandem
1015 1850 1173 1916 eeclesiae
1196 1853 1430 1936 possessionem

237 1952 375 2041 adeptus
391 1957 441 2039 sit,
465 1979 529 2021 non
556 1967 663 2020 tamen
686 1958 787 2041 potuit
809 1954 955 2019 redditus
978 1955 1122 2021 obtinere
1145 1977 1207 2020 nec
1230 1957 1370 2039 efficere,
1393 1966 1431 2020 ut

237 2060 440 2145 parrochiani
470 2061 625 2146 templum
657 2060 699 2123 ad
731 2059 840 2124 divina
870 2060 976 2125 officia
1007 2071 1039 2124 et
1066 2063 1236 2124 conciones
1259 2059 1428 2125 accedant.

237 2164 344 2244 Quam
360 2164 401 2228 ob
417 2187 486 2228 rern
502 2165 568 2230 Sua
584 2165 678 2229 Sertn
694 2165 930 2228 commissarios
945 2183 1019 2228 suos
1035 2186 1073 2229 eo
1089 2165 1228 2248 miserat,
1253 2167 1307 2250 qui
1324 2185 1429 2249 usque

237 2267 280 2331 ad
310 2291 417 2333 meum
448 2290 491 2332 ex
520 2268 580 2332 illis
607 2268 752 2353 partibus
785 2267 961 2333 discessum
988 2291 1104 2354 parum
1127 2291 1205 2334 sane
1227 2268 1335 2334 adhuc
1358 2289 1429 2354 pro-

237 2371 390 2436 fecerant.
819 2388 826 2400 '

341 2475 433 2556 Item,
455 2477 489 2541 in
519 2475 637 2563 oppido
660 2476 798 2542 Murek
829 2499 902 2542 cum
932 2487 1056 2543 mortuo
1079 2477 1237 2563 parrocho
1259 2479 1429 2565 episcopus

238 2580 459 2646 Seecoviensis
486 2582 642 2647 catholieo
665 2581 825 2647 sacerdoti
851 2581 937 2647 iham
960 2582 1163 2668 parrochiam
1186 2585 1234 2647 sui
1256 2585 1333 2648 iuris
1357 2606 1429 2649 con·

237 2684 361 2749 tuhsset
386 2694 419 2750 et
440 2687 561 2750 Rev¹¹²¹¹⁸
576 2687 837 2773 archiepiscopus
860 2686 1115 2772 salisburgensis
1146 2686 1324 2752 ordinarius
1355 2708 1429 2752 con-¹

203 2831 205 2834 v
237 2790 449 2855 firmationem
478 2789 691 2876 praebuisset,
722 2791 855 2878 quidam
885 2801 991 2857 tamen
1026 2791 1106 2856 baro
1136 2791 1351 2877 Wolfgangus
1385 2792 1428 2857 de

238 2894 484 2979 Stubcnberg
507 2895 568 2960 sub
590 2906 762 2981 praetextu
785 2896 974 2962 advocatiae
997 2892 1212 2985 promotum'a
1227 2897 1428 2982 possessione

237 2998 399 3085 prohibuit
421 3021 482 3063 nec
505 3000 670 3086 hucusque
694 3001 855 3064 haeretico
878 3001 1058 3067 introducto
1083 3004 1305 3066 concionatore
1322 3003 1428 3086 cessit,

237 3102 312 3168 licet
334 3105 430 3168 etiam
453 3102 494 3168 ab
519 3105 668 3189 episcopo
692 3102 843 3168 collatore
866 3106 1020 3170 instanter
1043 3117 1128 3170 essct
1150 3116 1290 3191 rogatus.
1318 3092 1323 3101 ¹

341 3208 434 3292 Item,
452 3208 728 3295 Wolispergae,
752 3230 835 3294 quae
852 3209 973 3293 civitas,
997 3212 1143 3295 quamvis
1159 3212 1199 3274 sit
1211 3208 1271 3273 sub
1288 3208 1428 3275 dominio

237 3312 404 3398 temporali
436 3314 577 3398 episcopi
610 3312 872 3397 Bambergensis,
903 3314 957 3397 qui
988 3312 1086 3376 habet
1112 3312 1157 3376 ibi
1179 3312 1428 3397 vicedominum,

239 3429 287 3480 est
319 3419 351 3480 in
382 3416 501 3482 ditione
531 3427 638 3481 tamen
669 3415 759 3482 Sermi
782 3415 974 3499 archiducis,
1007 3438 1080 3481 cum
1111 3417 1242 3502 quidum
1270 3430 1429 3481 mercator

238 3519 419 3585 haereticus
442 3520 582 3585 Mathias
605 3520 709 3583 Frail
733 3542 831 3606 opum
853 3522 886 3584 vi
909 3520 1024 3584 nobilis
1047 3521 1151 3585 factus
1175 3542 1217 3584 ex
1241 3542 1343 3585 uxore
1366 3523 1428 3585 ius·

238 3633 426 3709 patronatus
468 3624 635 3688 cuiusdam
677 3624 788 3687 sacelli
829 3628 861 3688 in
899 3624 1016 3709 templo
1053 3624 1245 3711 parrochiali
1283 3624 1429 3708 haberet,

238 3727 439 3793 sacerdotem
469 3749 581 3791 senem
611 3727 803 3792 catholicum
828 3728 995 3793 Andream
1017 3728 1203 3814 Muflpicgh,
1235 3730 1288 3814 qui
1320 3728 1427 3793 sacelli

239 3855 350 3897 curam
372 3831 507 3917 gerebat
530 3854 568 3895 ac
591 3842 698 3918 partes
722 3832 895 3898 catholicas
919 3844 1031 3897 eontra
1053 3835 1158 3919 ipsum
1185 3832 1345 3917 tuebatur,
1374 3856 1428 3918 pu·

280 4058 289 4089 ¹
308 4060 399 4111 Ucber
421 4060 529 4111 Leoben
551 4078 572 4110 a.
591 4060 723 4124 Peinlich,
746 4058 1034 4126 ,Religionshandlung
1056 4062 1084 4110 in
1103 4060 1222 4111 Leobeu‘
1246 4062 1273 4109 in
1297 4060 1349 4109 den
1368 4058 1429 4109 Mit-

307 4147 464 4213 thsilungen
482 4148 528 4197 des
550 4147 724 4199 historischen
748 4148 861 4199 Vereins
884 4147 927 4196 fur
949 4147 1111 4199 Stoie'rrnark
1134 4149 1177 4208 26,
1201 4149 1241 4196 58.
1277 4147 1431 4212 Ereberaog

307 4234 375 4284 Karl
393 4234 466 4285 hatte
484 4234 533 4283 auf
548 4235 592 4285 die
611 4233 804 4286 Beachwerden
821 4234 869 4284 der
886 4234 1009 4283 Leobner
1027 4234 1150 4284 erkliren
1170 4234 1266 4294 lmen,
1284 4248 1312 4283 es
1330 4232 1431 4284 handle

306 4322 362 4370 sich
388 4322 447 4371 hier
473 4322 548 4370 nicht
574 4338 619 4372 um
646 4322 794 4372 kirchlicbe
817 4322 913 4387 Dioge,
941 4320 1054 4371 sondern
1085 4338 1128 4373 um
1153 4322 1215 4371 eine
1234 4321 1428 4385 Conspiration.

308 4408 399 4459 Ucber
416 4409 459 4458 die
479 4410 604 4459 welteren
622 4409 707 4465 stile,
725 4410 769 4459 dio
787 4409 834 4459 der
846 4410 963 4459 Nuntius
980 4409 1098 4469 auiiihrt,
1117 4409 1203 4459 lassen
1223 4422 1272 4456 una
1290 4408 1334 4456 die
1345 4407 1430 4456 Acten

306 4496 352 4546 dea
374 4496 622 4547 ateiermitrkischen
646 4496 858 4547 Laudesarchivs
887 4498 923 4546 im
947 4496 1035 4559 Stich,
1064 4497 1161 4561 richtig
1185 4496 1291 4545 dtirften
1315 4496 1358 4543 die
1377 4495 1430 4544 An·

307 4584 394 4651 gabon
413 4583 483 4634 wohl
501 4586 567 4635 sein.
