3100 5025
1230 311 1292 375 247

2 512 3 551 f
88 501 281 566 reddituum
311 503 356 565 ita
386 523 500 587 parum
528 497 591 566 iam
623 509 765 586 possunt,
798 507 834 564 ut
854 523 930 565 aare
954 500 1058 566 alieno
1081 511 1205 567 tantum
1229 524 1293 566 non

88 607 285 671 abruantur.
323 606 454 671 Deinde
484 605 565 692 proh
593 605 683 670 dolor
706 627 818 670 omnes
841 605 909 670 lere
932 607 1132 691 paucissimis
1156 606 1294 692 demptis

2 730 3 733 ’
88 732 216 775 uxores
239 710 292 774 vel
314 709 512 774 concubinas
542 718 575 774 ot
604 709 721 774 liberos
751 708 851 794 alunt,
883 731 1018 795 quorum
1049 711 1225 776 commodis
1255 732 1294 775 ac

88 814 303 879 felicitatibus
333 817 377 879 ita
399 813 591 879 incumbunt
611 824 648 878 ut
668 816 841 879 morientes
863 836 936 879 raro
958 825 1014 879 aut
1036 837 1202 901 nunquam
1224 815 1294 880 fera

88 918 145 983 vel
170 921 339 983 minimum
361 918 570 984 haereditatis
592 918 834 984 successoribus
857 921 921 984 suis
945 921 1090 1005 exceptis
1109 920 1294 1005 ingentibus

87 1023 214 1088 debitis
243 1023 435 1110 relinquant,
453 1023 564 1109 ‹idqne
594 1025 769 1109 praecipue
792 1045 832 1088 ea
855 1022 896 1088 dc
919 1045 1018 1088 causa
1040 1023 1126 1110 quod
1146 1025 1294 1088 viventes

88 1127 254 1214 quidquid
277 1151 321 1192 ex
344 1149 455 1193 eorum
477 1128 687 1215 proventibus
703 1127 876 1194 corradere
892 1139 1026 1215 possunt
1040 1127 1074 1192 id
1090 1150 1183 1193 omne
1200 1128 1306 1193 dictis

88 1255 207 1297 eorum
230 1232 397 1315 uxoribus,
427 1231 614 1297 concubinis
636 1253 676 1295 ac
698 1231 808 1296 liberis
830 1231 983 1316 tribuunt,
1015 1234 1136 1315 vincas,
1168 1232 1292 1316 domus,

87 1336 214 1402 fundos
237 1346 269 1401 et
290 1335 447 1402 eiusmodi
470 1335 554 1402 clam
575 1336 637 1401 illis
659 1346 803 1401 ementes
826 1357 865 1400 ac
888 1336 1058 1420 donantes3
1082 1336 1293 1423 quamobrem

88 1444 146 1527 qui
179 1441 317 1505 multum
347 1440 408 1505 sibi
439 1440 480 1506 de
504 1462 615 1506 eorum
638 1440 767 1505 auxiliis
790 1442 932 1505 maxime
955 1440 1154 1527 temporibus
1176 1440 1292 1506 nubilis

89 1544 313 1631 polliceretur,
335 1547 362 1609 is
385 1544 497 1630 procul
519 1544 617 1608 dubio
639 1552 705 1609 toto
727 1545 818 1608 caelo
841 1553 973 1610 erraret.

198 1648 254 1714 Ad
277 1647 360 1713 haec
383 1649 425 1714 de
447 1648 480 1714 S.
497 1648 581 1714 Ser⁸⁰
608 1671 736 1734 quoque
766 1648 888 1734 aliquot
919 1647 1028 1714 dicere
1059 1651 1223 1714 convenit:
1254 1671 1294 1714 ea

2 1790 3 1839 q
87 1754 228 1840 quidem
251 1778 271 1818 a
293 1753 369 1818 divo
399 1755 467 1818 eius
497 1755 643 1839 genitore
665 1752 687 1817 f.
704 1777 729 1818 r.
753 1752 985 1839 amplissimum
1015 1762 1048 1817 et
1069 1753 1179 1838 regale
1202 1755 1293 1839 quasi

2 1900 4 1943 ,
87 1859 321 1944 patrimonium
343 1859 479 1943 accepit,
504 1857 562 1921 sad
585 1879 661 1921 aere
684 1855 788 1921 alieno
812 1855 898 1942 quod
921 1857 965 1920 M.
982 1855 1015 1921 S.
1031 1855 1068 1922 O.
1091 1879 1149 1942 pro
1172 1854 1293 1920 tuenda

2 1944 3 1999 7
87 1963 270 2027 adversum
291 1962 417 2026 Turcas
448 1961 677 2026 christianitate
700 1960 892 2026 contrahere
915 1969 1027 2025 coacta
1049 1960 1110 2024 fuit
1131 1962 1293 2045 nimioque

90 2075 280 2152 gravatum.

197 2169 377 2234 Praeterea
398 2169 432 2235 S.
448 2169 553 2234 serr·
577 2171 748 2254 ipsammet
770 2190 845 2232 cum
867 2191 951 2233 anno
977 2167 1060 2232 1566
1092 2177 1159 2232 tum
1189 2188 1293 2252 nuper

2 2308 4 2317 ν
88 2275 268 2361 praeterito
300 2271 384 2337 1578
415 2283 526 2338 contra
555 2273 686 2338 eosdem
709 2273 834 2337 Turcas
857 2275 1021 2358 ingentem
1044 2273 1214 2358 pecuniam
1236 2273 1292 2335 im·

2 2382 4 2451 ,
87 2377 239 2466 pendere
262 2379 410 2463 oportuit,
432 2385 469 2442 ut
490 2377 532 2441 de
554 2377 624 2442 aliis
647 2379 772 2463 magnis
796 2375 991 2462 quibusdam
1014 2376 1175 2461 expensis,
1207 2396 1290 2460 quae

2 2474 3 2505 ³
86 2487 122 2549 in
152 2483 278 2570 aliquot
307 2483 449 2567 negociis
478 2483 625 2568 preteriri
654 2503 719 2547 non
748 2490 931 2568 potuerunt,
961 2481 1050 2547 nulla
1080 2481 1136 2545 fiat
1163 2480 1292 2562 mentio,

2 2651 3 2654 ,
86 2599 123 2653 et
144 2588 199 2652 vel
224 2585 286 2651 hoc
308 2589 386 2651 satis
408 2608 570 2673 superque
593 2596 726 2668 constet,
749 2588 815 2650 iam
838 2588 898 2651 etsi
912 2584 945 2651 S.
959 2586 1053 2653 Sar*
1068 2584 1129 2649 hoc
1144 2583 1198 2649 vel
1213 2582 1292 2647 illud

2 2697 3 2782 l
86 2702 218 2757 tentare
233 2690 331 2756 vellet
351 2713 392 2754 ac
413 2690 622 2774 desideraret,
646 2688 789 2776 quodid
811 2698 920 2755 tamen
942 2690 983 2754 ob
1007 2688 1128 2755 dictum
1151 2689 1291 2754 alianum

2 2783 4 2840 l
86 2820 146 2862 aes
169 2818 233 2861 nec
255 2798 430 2881 quicquam
451 2804 616 2881 praestare
639 2803 757 2881 posset.

196 2900 251 2964 De
278 2901 524 2985 consanguineis
546 2920 585 2963 ac
608 2898 783 2984 gentilibus
806 2900 871 2963 suis
894 2898 973 2962 nihil
996 2918 1076 2984 opus
1099 2906 1148 2962 cst
1171 2896 1223 2962 hic
1247 2896 1292 2961 di·

2 3039 3 3094 3
89 3028 179 3089 cere,
212 3017 288 3067 cum
310 3005 438 3089 ipsimet
459 3005 536 3068 satis
558 3005 684 3089 negocii
708 3001 794 3066 domi
817 3000 1014 3066 habeantet
1042 3001 1124 3066 haec
1146 3011 1292 3087 tempora

2 3097 3 3128 ³
87 3108 169 3173 talia
198 3109 262 3172 sint
289 3114 327 3171 ut
352 3110 488 3193 quisque
509 3110 566 3172 vix
590 3129 650 3172 sua
673 3116 813 3187 curaret,
842 3114 967 3171 tantum
990 3105 1091 3189 abest,
1123 3114 1158 3169 ut
1180 3104 1291 3169 alienis

89 3234 185 3298 opem
210 3211 297 3276 ferre
319 3214 428 3297 possit.
467 3210 534 3277 Sed
556 3233 709 3297 quorsum
731 3210 835 3275 haec?
869 3210 917 3275 Eo
934 3211 1085 3274 nimirum
1099 3218 1135 3273 ut
1150 3217 1290 3273 sanctur.

89 3316 134 3380 D.
158 3316 200 3380 N.
232 3315 411 3380 meridiana
439 3315 512 3380 lucc
544 3314 661 3379 clarius
691 3313 802 3379 videat
829 3336 868 3378 ac
892 3312 1076 3397 edoceatur,
1109 3313 1233 3377 etiamsi
1257 3312 1289 3376 S.

90 3421 190 3486 Ser*
212 3422 278 3484 iam
302 3417 358 3484 diu
379 3442 418 3484 ac
440 3420 548 3483 statim
570 3442 591 3483 a
612 3419 771 3504 principio
794 3420 843 3483 sui
865 3419 1030 3503 regiminis
1053 3425 1292 3482 sacrosanctam

89 3534 237 3590 nostram
259 3522 472 3588 orthodoxam
494 3523 683 3609 religionem
705 3546 725 3587 a
747 3524 879 3609 triginta
900 3522 952 3587 vel
968 3521 1184 3609 quadraginta
1199 3522 1291 3585 annis

89 3632 157 3693 iam
179 3638 400 3713 oppugnatam
420 3630 455 3692 in
477 3629 646 3714 pristinum
669 3636 787 3692 statum
803 3626 855 3691 vel
871 3635 995 3691 armata
1010 3649 1108 3690 manu
1125 3628 1291 3690 restituere

91 3756 131 3797 ac
153 3730 324 3796 vindicare
345 3731 507 3814 voluisset,
532 3741 564 3796 et
585 3733 681 3796 etiam
704 3739 802 3795 num·
824 3729 931 3813 vellet,
955 3729 1041 3816 quod
1061 3728 1095 3793 id
1110 3739 1219 3795 tamen
1235 3728 1291 3793 dif-

91 3834 234 3901 ficillime
257 3834 367 3900 iacere
390 3838 553 3921 potuisset,
582 3835 742 3899 difficilius
764 3833 862 3898 hodie
884 3843 1002 3920 posset,
1033 3856 1107 3898 cum
1130 3855 1167 3898 co
1190 3854 1291 3897 nervo

92 3942 148 4026 qui
171 3940 315 4004 maxime
337 3939 380 4003 ad
402 3938 436 4003 id
459 3942 641 4025 requiritur,
665 3938 858 4003 destituatur
879 3952 912 4002 et
933 3937 1074 4002 adversa
1095 3937 1206 4021 religio
1227 3938 1293 4001 iam

91 4055 218 4111 tantum
239 4043 384 4127 invaluit,
407 4053 443 4108 ut
464 4044 601 4130 amplius
624 4043 749 4129 absque
771 4042 860 4108 totali
884 4044 1076 4107 exterminio
1091 4041 1206 4106 harum
1221 4062 1291 4127 pro·

91 4151 274 4213 vinciarum
296 4150 452 4233 extirpari
474 4170 538 4212 non
561 4150 669 4234 possit
704 4146 738 4213 Si
755 4146 787 4212 S.
802 4147 895 4213 serr·
911 4146 1012 4210 solum
1036 4168 1109 4210 cum
1132 4146 1197 4210 suis
1220 4145 1292 4210 sub

93 4252 167 4317 ditis
190 4255 340 4317 etunius
363 4251 494 4338 quidem
515 4251 569 4316 vel
591 4252 722 4317 alterius
741 4253 906 4337 provincie
922 4250 1085 4336 agendum
1101 4251 1194 4333 foret,
1217 4271 1291 4335 spes

93 4368 180 4421 esset
209 4356 297 4442 quod
319 4355 364 4421 illi
385 4356 522 4421 fortasse
544 4356 676 4421 tandem
699 4355 806 4441 aliquo
829 4353 990 4420 modoad
1013 4354 1155 4420 officium
1178 4353 1292 4418 reduci

133 4592 146 4616 ¹
163 4582 246 4633 Wohl
264 4586 340 4633 atatt:
359 4598 439 4633 nunc.
