3100 5025
1290 323 1309 386 'l

106 510 247 596 habent,
271 511 374 576 libere
397 512 519 596 possint
533 509 758 597 Augustanam
783 511 1017 576 confessionem
1031 512 1173 599 profiteri
1189 523 1222 578 et
1236 536 1310 580 suos

108 614 237 681 hahere
260 615 498 701 praedicantes.

216 720 258 786 Id
289 718 435 784 scandali
464 721 556 785 anxit
585 721 682 784 etiam
713 719 775 784 hoc
797 741 882 784 anno
904 721 937 784 in
960 721 1094 786 comitiis
1118 721 1308 808 hluraepon-

108 827 206 907 tanis,
230 846 306 890 cum
330 846 392 888 non
417 823 519 888 solnm
541 822 707 908 praedicta
731 823 943 910 confirmavit,
967 824 1025 890 sed
1049 828 1145 891 etiam
1169 825 1210 891 de
1225 849 1308 892 novo

108 931 283 1012 concessit,
311 939 348 992 ut
369 927 457 992 idem
479 925 606 993 Labaci
628 937 661 992 et
681 927 889 1012 Judenburgi
921 929 1022 994 fieret
1066 929 1205 1016 Insuper
1236 952 1307 997 con-

108 1035 255 1098 firmavit
269 1031 330 1096 illis
346 1055 386 1097 ea
401 1033 518 1115 omnia,
540 1053 627 1118 quae
640 1053 701 1118 per
724 1053 760 1096 se
782 1031 835 1097 vel
859 1053 917 1119 per
939 1031 1136 1098 consiliarios
1158 1055 1232 1100 suos
1255 1035 1308 1100 ali·

109 1135 243 1222 qnando
266 1134 327 1200 illie
350 1137 509 1200 concessit
531 1145 563 1200 et
585 1157 798 1222 quaecunque
821 1138 904 1202 inter
927 1137 1140 1222 provinciales
1171 1149 1204 1204 et
1235 1161 1307 1204 con·

108 1241 246 1306 siliarios
262 1240 295 1306 S.
313 1238 403 1306 Serst·
417 1248 554 1305 tractata
569 1252 602 1304 et
617 1240 769 1304 conclusa
791 1239 929 1306 fuerunt.
964 1239 1074 1320 Quid?
1098 1241 1184 1329 quod
1208 1245 1305 1308 etiam

109 1346 266 1432 promisit,
296 1344 382 1430 quod
412 1343 539 1410 illorum
568 1346 781 1410 conscientias
811 1367 993 1430 aggravare
1021 1344 1099 1412 nolit
1129 1356 1161 1410 et
1183 1345 1252 1412 illos
1274 1348 1306 1412 in

109 1450 268 1514 exercitio
290 1470 396 1514 novae
418 1448 581 1534 religionis
604 1447 729 1513 illorum
751 1471 817 1514 non
840 1449 942 1514 solum
966 1471 1029 1514 uon
1051 1450 1222 1516 molestare
1251 1460 1307 1516 aut
1407 1489 1409 1494 ·

109 1553 269 1640 impedire
292 1551 351 1618 sed
373 1553 471 1618 etiam
493 1552 671 1618 defendere
692 1574 732 1616 ac
756 1554 838 1618 tueri
862 1553 947 1620 velit.

215 1657 312 1739 Quae
341 1679 420 1722 sane
452 1679 533 1722 vera
562 1679 634 1722 esse
665 1680 705 1721 ac
735 1666 825 1722 certa
854 1667 886 1722 et
913 1657 1044 1744 publica
1066 1680 1131 1724 vox
1155 1667 1187 1722 et
1208 1660 1306 1744 quoti·

109 1764 208 1829 diana
231 1760 386 1848 exempla
407 1760 534 1827 docent.

213 1868 290 1932 Hoc
312 1887 441 1952 quoque
468 1887 600 1930 causam
629 1867 770 1931 maxime
798 1876 966 1952 aggravat,
994 1865 1079 1952 quod
1103 1889 1177 1932 cum
1200 1866 1307 1934 Scr¹¹¹⁸

109 1971 274 2036 archidux
305 1973 338 2036 iu
368 1969 462 2036 dictis
493 1972 627 2036 comitiis
656 1970 921 2057 Muraepontanis
952 1969 1055 2035 ordini
1089 1970 1307 2038 ecclesiastico

108 2075 239 2142 duobus
269 2078 397 2161 scriptis
426 2085 538 2140 sancte
564 2074 723 2194 pollicitus
746 2075 889 2157 fuisset,l
920 2074 1006 2160 quod
1030 2075 1106 2140 nihil
1130 2085 1215 2140 esset
1237 2098 1307 2162 pro-

110 2180 305 2247 vincialibus
336 2201 548 2244 concessurus
577 2181 610 2244 iu
633 2180 790 2244 ecclesiae
814 2178 990 2244 catholicae
1013 2187 1044 2244 et
1068 2179 1306 2298 ecclesiasticae

111 2390 355 2454 concessionem
371 2387 622 2474 provincialibus
638 2397 762 2453 secreto
776 2387 892 2452 fecerit
906 2389 1036 2453 remotis
1052 2385 1200 2452 omnibus
1215 2409 1304 2473 prae·

107 2493 182 2559 lan's
204 2504 239 2559 et
262 2494 386 2559 cunctis
408 2494 514 2559 minus
536 2515 601 2557 uuo
623 2491 824 2557 secularibus
848 2489 1012 2558 catholicis
1036 2491 1186 2559 exclusis.

213 2598 318 2663 Immo
340 2599 438 2662 etiam
464 2598 652 2683 priusquam
679 2619 717 2662 eo
744 2596 974 2681 adduceretur,
997 2606 1033 2661 ut
1053 2596 1305 2683 provincialibus

107 2701 298 2789 supradicta
321 2700 524 2784 concederet,
548 2711 741 2786 protestatus
764 2700 825 2767 illis
847 2700 953 2767 fuerat
975 2700 1026 2787 (ut
1048 2699 1190 2787 dicitur),
1218 2702 1306 2787 quod

107 2806 188 2871 nihil
218 2808 348 2871 omnino
379 2804 559 2871 concedere
581 2815 690 2891 posset
710 2816 767 2871 aut
790 2804 887 2870 vellet
910 2816 942 2871 et
964 2804 1050 2890 quod
1074 2806 1118 2871 ita
1142 2806 1203 2871 sub
1225 2809 1307 2873 iura·

107 2920 218 2976 mento
241 2912 465 2976 consuluisset.
511 2910 608 2991 Quod
634 2920 743 2975 tamen
771 2920 885 2996 postea
907 2931 971 2975 non
994 2913 1146 2993 servavit,
1170 2909 1229 2975 sed
1251 2912 1306 2975 im·

107 3027 251 3083 mutatus
274 3015 373 3081 fidem
396 3026 430 3081 et
450 3017 666 3081 constantiam
687 3038 779 3081 suam
802 3017 846 3081 ita
868 3014 984 3081 leviter
1006 3013 1200 3079 obscuravit.

212 3120 289 3185 Huc
310 3120 447 3204 accedit,
471 3119 558 3206 quod
580 3122 677 3185 etiam
699 3120 853 3185 simoniae
877 3128 985 3185 notam
1009 3118 1069 3183 sibi
1092 3120 1162 3205 ipse
1183 3120 1306 3203 inussit,

109 3247 185 3291 cum
208 3224 325 3311 vulgus
348 3224 513 3290 hominum
535 3224 634 3309 dicat,
656 3224 690 3292 S.
707 3224 811 3290 sepem
830 3222 1014 3289 vendidisse
1036 3221 1245 3307 religionem²
1268 3243 1307 3287 ac

107 3331 248 3414 pecunia
277 3328 448 3393 haereticis
476 3331 684 3415 prostituisse.
730 3327 816 3394 Illud
845 3330 922 3393 item
952 3346 1064 3391 omnes
1095 3328 1127 3391 in
1154 3348 1305 3410 magnam

107 3432 353 3498 admirationem
375 3431 523 3515 adduxit,
552 3432 637 3518 quod
669 3432 786 3498 falcem
816 3452 908 3497 suam
938 3432 971 3495 in
1000 3430 1140 3496 alienam
1166 3451 1305 3495 messem

107 3560 183 3603 cum
204 3540 299 3623 gravi
320 3540 444 3603 iactura
466 3536 543 3603 fidei
567 3536 745 3602 catholicae
767 3538 890 3601 miserit
911 3558 952 3601 ac
973 3534 1015 3599 de
1030 3534 1197 3621 religione,
1218 3532 1305 3619 quod

107 3644 209 3728 ipsius
232 3663 297 3708 non
320 3650 370 3706 est
391 3640 579 3724 decernere,
603 3640 681 3707 nihil
704 3643 826 3706 veritus
850 3642 898 3705 sit.

210 3745 250 3810 In
285 3767 348 3831 quo
382 3747 491 3809 nescio
525 3745 686 3832 quomodo
715 3767 751 3810 se
781 3744 825 3811 ab
856 3742 1281 3809 excommunicationibus
1272 3764 1304 3808 rn

49 3909 52 3911 ,
107 3849 198 3915 bulla
220 3848 328 3915 Coeus
350 3850 510 3913 Domini³
532 3852 676 3915 eximere
705 3852 814 3935 possit,
845 3872 929 3937 quae
960 3860 1034 3915 sunt
1060 3838 1171 3915 contra
1193 3870 1304 3914 omnes

151 4076 162 4108 ¹
178 4078 206 4129 8.
225 4078 334 4141 Hortor,
352 4078 511 4129 Geachichte
527 4076 694 4128 Ferdinandr
708 4078 752 4142 11,
768 4078 791 4139 1,
810 4078 870 4128 62⁷.

150 4162 217 4216 'Er
238 4166 310 4216 habe
327 4181 373 4215 um
391 4165 436 4216 die
453 4165 579 4231 Religion
597 4166 744 4232 ,gekrarntt

148 4250 230 4303 'Die
253 4252 334 4304 Bulla
357 4253 390 4303 Iu
411 4268 487 4303 cocras
510 4252 618 4303 Densius·
643 4253 709 4303 uird
730 4269 766 4304 an
786 4253 877 4317 jedem
901 4252 1154 4318 Grtludonncrstagc
1180 4252 1209 4302 in
1237 4252 1304 4302 Rom

178 4338 344 4405 vorgeloaen,
366 4338 422 4389 und
444 4354 516 4389 zwar
537 4340 590 4390 seit
611 4339 709 4389 Martin
725 4341 754 4388 V.
774 4339 874 4403 (1418).
912 4338 956 4390 Sis
975 4338 1079 4390 euthltlt
1096 4338 1199 4389 Fltlche
1217 4353 1303 4405 gegen

178 4424 228 4488 die,
246 4424 350 4477 welche
368 4425 467 4476 Ketasr
484 4425 540 4475 und
557 4425 660 4476 Fsinde
678 4425 726 4475 der
748 4424 898 4476 romischeu
917 4425 1017 4477 Kirche
1039 4424 1105 4475 sind.
1143 4424 1229 4475 Unter
1252 4424 1303 4475 den

178 4510 296 4577 Pipeten
319 4512 386 4563 Pina
402 4512 435 4563 V.
452 4511 508 4563 und
532 4512 626 4563 Urbsn
646 4512 720 4563 VIII.
738 4512 863 4563 erachien
886 4512 925 4563 sie
948 4513 977 4561 in
1000 4512 1076 4561 eiuer
1093 4524 1181 4562 neuen
1200 4508 1305 4561 Gestalt

178 4598 233 4649 und
252 4598 371 4650 violtach
391 4600 532 4664 erweitart,
548 4615 578 4650 sc
597 4599 657 4651 dane
674 4600 714 4651 ele
730 4600 788 4650 eloh
808 4598 857 4651 aui
872 4598 927 4649 alle
944 4598 1107 4651 Beschhusr
1124 4598 1171 4648 der
1187 4596 1303 4649 Akatho-
