3100 5025
262 305 303 371 18

261 502 427 586 pinquum,
451 498 509 562 ubi
530 495 729 562 sacellanum
750 517 844 561 suum
868 498 999 560 missam
1027 494 1193 560 celebrare
1220 496 1321 560 iussit.
1365 496 1460 561 Inter

261 602 471 691 Offcrtora'um
493 625 571 667 vero
593 611 728 688 repente
750 600 929 666 adveniens
955 599 1009 664 illa
1040 600 1169 664 domina
1196 600 1301 664 fronte
1331 602 1459 665 invere-

261 707 370 773 cunda
399 729 438 772 ac
473 706 668 772 diabolicum
697 705 840 771 furorem
874 726 930 769 ore
964 706 1089 790 spirans
1120 705 1220 769 altare
1250 706 1388 769 accessit
1417 725 1460 768 ac

261 835 381 899 mappa
416 811 564 877 manibus
600 811 805 897 apprehensa
840 831 933 874 sacra
967 807 1171 894 prophanare
1205 816 1237 872 et
1270 811 1303 874 in
1337 821 1459 874 terram

262 917 392 982 deicere
415 926 531 981 conata
554 926 616 1000 est,
646 914 731 1001 quod
764 924 851 979 certe
882 913 1098 996 successisset,
1127 914 1189 978 nisi
1215 912 1378 991 sacerdos,
1402 915 1461 998 qui

264 1020 461 1103 celebrabat,
494 1020 641 1085 celeriter
662 1041 760 1083 manu
783 1020 1005 1103 praevenisset
1026 1040 1066 1082 ac
1088 1039 1240 1103 mappam
1263 1019 1458 1083 retinuisset

262 1126 360 1193 Unde
378 1126 464 1190 facto
487 1124 625 1190 tumultu
647 1146 686 1188 ac
708 1125 883 1210 praepositi
905 1121 1033 1187 famulis
1057 1144 1095 1187 eo
1118 1121 1384 1187 concurrentibus
1403 1121 1461 1186 illa

263 1230 452 1296 execranda
481 1229 596 1294 mulier
624 1251 660 1292 re
690 1228 824 1293 tandem
845 1227 965 1293 infecte
987 1227 1078 1292 ubire
1102 1227 1267 1312 compulsa
1290 1237 1346 1291 est.
1392 1228 1460 1292 De·

264 1335 329 1400 lata
363 1344 412 1399 est
446 1332 580 1419 querela
616 1331 800 1398 huiusmodi
837 1330 1007 1397 violentiae
1044 1330 1152 1396 illatae
1189 1331 1233 1396 ad
1270 1330 1303 1396 S.
1339 1331 1459 1416 Seres,

263 1439 351 1504 nulla
379 1449 490 1503 tamen
519 1437 628 1502 adhuc
655 1446 794 1523 sequuta
817 1447 866 1502 cst
886 1435 1123 1501 animadversio
1145 1457 1208 1501 nec
1229 1435 1274 1500 illi
1300 1433 1460 1500 ecclesiae

263 1542 456 1630 parrochiali
477 1543 653 1628 provisum,
677 1564 751 1606 cum
775 1540 884 1605 dolore
912 1550 944 1605 et
966 1540 1085 1605 damno
1107 1540 1233 1604 illorum
1256 1541 1459 1624 misticorum,

264 1649 319 1733 qni
341 1645 429 1732 apud
451 1648 640 1733 episcopum
663 1668 702 1710 ac
725 1647 943 1730 praepositum
967 1642 1098 1708 assidue
1119 1646 1240 1708 instant
1261 1663 1320 1728 pro
1350 1643 1460 1728 aliquo

263 1751 434 1836 parrocho.

367 1855 543 1920 Parrochia
565 1856 598 1919 in
617 1854 708 1918 Pels
729 1857 763 1918 in
784 1853 964 1919 confinibus
980 1852 1109 1938 Styriae
1125 1862 1158 1917 et
1172 1852 1358 1918 Oarinthiae
1375 1851 1461 1916 dioe-

264 1962 346 2026 cesis
369 1959 623 2044 Salisburgensis
645 1958 745 2023 hahet
766 1958 827 2023 sub
851 1979 886 2022 se
914 1960 1002 2022 circa
1031 1956 1119 2020 5000
1146 1958 1340 2040 animarum,
1367 1956 1460 2020 cuius

264 2065 390 2130 collatio
419 2065 495 2129 licet
523 2063 566 2128 ad
597 2063 678 2127 Rev.
706 2062 986 2148 archiepiscopum
1009 2059 1289 2145 salisburgensem
1321 2059 1362 2125 de
1389 2061 1460 2124 iure

264 2177 472 2256 competeret,
503 2190 574 2232 eam
600 2177 710 2232 tamen
733 2167 795 2230 hoc
818 2188 881 2231 non
905 2164 1052 2231 obstante
1075 2187 1135 2252 per
1156 2164 1239 2230 male
1262 2174 1394 2230 narrata
1416 2164 1460 2228 ab

264 2277 457 2359 imperatore
491 2270 700 2337 Ferdinando
734 2273 957 2336 sanctissimae
992 2272 1166 2335 memoriae
1199 2271 1337 2335 Ioannes
1370 2271 1462 2335 Hoff-

265 2400 342 2442 man
374 2376 455 2441 baro
486 2399 544 2462 pro
575 2398 609 2440 se
636 2377 765 2461 suisque
794 2377 930 2461 posteris
956 2375 1055 2439 virilis
1077 2396 1177 2439 sexus
1198 2376 1393 2460 impetravit,
1416 2377 1463 2439 ita

264 2491 374 2547 tamen
396 2489 433 2546 nt
453 2478 610 2545 catholico
637 2478 799 2545 sacerdoti
822 2479 854 2546 S.
877 2478 971 2546 Caes.
995 2477 1049 2545 Ma
1072 2489 1104 2545 et
1127 2481 1195 2546 eius
1219 2477 1462 2545 successoribus

160 2593 162 2596 ’
264 2592 469 2672 praesentato
492 2585 675 2665 conferant3
699 2606 798 2669 super
821 2606 885 2670 qua
906 2584 982 2649 licet
997 2584 1074 2649 ΒΜ
1087 2583 1348 2670 archiepiscopus
1364 2582 1463 2651 Salis·

265 2689 436 2775 burgensis
463 2690 580 2754 iustam
609 2688 670 2753 illis
700 2688 788 2753 litem
818 2687 991 2754 intenderit
1017 2687 1223 2773 aliquamdiu,
1253 2690 1328 2774 quia
1350 2697 1461 2753 tamen

264 2804 378 2879 postea
408 2793 529 2859 destitit
568 2815 630 2857 nec
653 2801 843 2879 prosecutus
873 2802 922 2857 est
952 2814 1083 2857 cansam
1117 2814 1218 2875 suam,
1256 2791 1344 2877 apud
1373 2794 1463 2877 ipsus

265 2898 392 2962 collatio
416 2896 523 2962 adhuc
546 2907 663 2962 manet

370 3001 534 3066 Defuncto
554 3010 662 3065 autem
677 2999 836 3086 parrocho
851 3001 994 3065 Joannes
1014 2999 1222 3065 Fridericus1
1242 2998 1327 3065 tilius
1350 3022 1463 3086 supra·

266 3104 345 3170 dicti
366 3106 496 3169 Ioannis
518 3106 672 3170 Hoffnian
694 3107 812 3170 mortui
842 3126 914 3169 eam
944 3103 1114 3171 ecclesiam
1143 3104 1271 3171 cuidam
1301 3104 1464 3190 Georgio²

265 3210 429 3275 haeretico
460 3210 609 3293 contulit,
640 3232 703 3296 quo
734 3212 830 3275 etiam
861 3208 956 3293 paulo
985 3217 1058 3293 post
1081 3218 1186 3273 amoto
1208 3218 1341 3295 propter
1363 3209 1463 3274 offen-

265 3317 388 3380 sionem
411 3313 575 3402 quandam
598 3314 713 3380 etalio
737 3314 900 3379 haeretico
923 3314 1044 3376 vicario
1067 3311 1174 3377 eidem
1189 3311 1369 3397 substituto,
1393 3316 1463 3398 ipse

266 3419 386 3503 colligit
397 3440 455 3504 pro
470 3440 506 3482 se
521 3416 677 3500 redditus,
694 3420 749 3504 qui
764 3427 839 3482 sunt
853 3418 1018 3481 annuatim
1034 3418 1162 3482 circiter
1179 3416 1263 3481 1500
1278 3416 1355 3501 (sic)
1370 3417 1463 3482 flore·

268 3544 393 3605 norum,
425 3545 468 3585 ex
491 3521 608 3608 quihus
631 3520 687 3586 dat
709 3531 833 3586 certum
855 3542 998 3585 annuum
1020 3519 1215 3607 stipendium
1237 3522 1396 3607 provisori
1418 3520 1463 3585 illi

269 3625 440 3690 haeretico.
477 3623 570 3704 Quae
594 3646 669 3689 cum
691 3624 724 3690 S.
749 3624 843 3689 Sertu
866 3626 1074 3710 percepisset,
1097 3633 1147 3688 ter
1168 3624 1212 3689 ad
1236 3646 1309 3688 eum
1334 3626 1465 3710 scripsit

267 3752 365 3815 super
388 3752 426 3794 eo
449 3730 586 3814 negotio,
610 3731 798 3814 priusquam
822 3750 1012 3813 responsum
1035 3731 1199 3814 acceperit
1220 3730 1251 3791 in
1278 3728 1367 3793 hunc
1398 3750 1464 3792 mo·

268 3834 359 3898 dum:
392 3832 509 3897 Verum
531 3852 595 3895 esse
617 3832 702 3916 quod
724 3831 904 3918 imperator
926 3832 1159 3897 Fordiaandus
1176 3831 1292 3917 felicis
1314 3832 1463 3896 recorda-

267 3938 367 4001 tionis
386 3936 587 4024 parrochiae
609 3936 813 4001 collationem
831 3936 968 4023 parenti
990 3958 1048 4001 suo
1071 3960 1111 4000 ac
1125 3935 1215 4019 filiis
1236 3936 1348 4000 virilia
1367 3958 1464 4001 sexus

267 4041 467 4125 conccsacrit,
494 4040 549 4103 aed
576 4040 754 4105 adiunctae
781 4039 983 4104 condicionis
1010 4040 1138 4104 nullam
1156 4039 1242 4126 fecit
1263 4040 1464 4125 mentionata,

309 4232 319 4264 ¹
337 4235 389 4285 Die
408 4233 522 4285 Familia
541 4233 686 4285 Hoffmann
706 4232 842 4300 (Hciman,
866 4230 1005 4297 Hoffman)
1029 4232 1101 4283 steht
1127 4232 1209 4283 durch
1231 4232 1307 4282 Hans
1326 4232 1463 4283 Friedrich

336 4320 482 4371 Hoffmann
506 4336 541 4371 an
564 4321 611 4371 der
628 4320 719 4386 Spitac
737 4319 785 4370 der
803 4319 1043 4385 protestantischsn
1062 4320 1225 4386 Bswegung.
1263 4318 1323 4369 Wie
1342 4319 1465 4371 schlecht

336 4407 481 4458 Hoffmann
504 4423 548 4458 am
571 4406 740 4473 pipstlichen
758 4406 830 4457 Hofc
853 4404 1045 4457 beleumundet
1068 4420 1123 4457 aar
1144 4404 1262 4471 (fratello
1281 4404 1309 4455 di
1327 4404 1390 4469 quel
1409 4405 1464 4457 mal

335 4494 454 4561 hncmo),
472 4512 492 4546 s.
510 4495 775 4546 Nuntiaturben'chte
788 4494 838 4555 111,
858 4496 881 4557 1,
900 4494 959 4543 048.

307 4579 405 4649 'Jorg
423 4582 547 4634 Khuen.
