3100 5025
252 294 293 357 12

249 513 308 554 seu
337 491 519 556 obtinendis
548 494 714 561 adhibent.
760 497 799 562 Id
830 509 865 562 ut
894 499 936 563 ad
967 501 1119 565 effectum
1149 501 1272 588 absque
1301 503 1364 568 ullo
1387 504 1445 569 ob·

250 596 372 661 staculo
395 597 560 663 adducere
580 613 720 687 possent,
744 624 841 689 saepe
858 604 1102 690 contenderunt,
1124 617 1160 672 ut
1175 607 1206 672 S.
1225 607 1318 674 serre
1333 619 1444 695 patres

250 701 283 766 S.
307 702 350 786 J,
382 725 472 789 quos,
501 707 528 769 si
555 704 686 792 quidem
712 707 869 774 ecclesiae
894 709 1069 775 catholicae
1093 712 1227 778 multum
1249 713 1374 779 fructus
1396 715 1444 780 af-

249 805 358 871 ferunt
387 810 616 893 concionando,
647 815 846 878 iuventutem
876 815 959 880 bene
989 815 1184 882 instituendo
1215 830 1246 882 et
1275 819 1338 883 alia
1361 819 1444 884 chri·

249 912 354 976 stiana
376 934 476 998 opera
498 914 669 1001 diligenter
691 918 886 1004 exercende,
911 943 1025 986 exosos
1048 922 1169 987 habent
1192 923 1282 988 abire
1305 924 1441 991 iuberet.

354 1017 468 1085 Conati
502 1032 577 1086 sunt
607 1026 703 1089 etiam
733 1026 873 1110 efficere,
909 1037 944 1092 ut
973 1052 1015 1093 ex
1046 1037 1182 1114 utroque
1213 1030 1343 1094 consilio
1373 1041 1442 1095 tum
1520 1083 1524 1088 .

250 1120 344 1185 aulae
368 1147 464 1209 quam
488 1129 650 1214 regiminis
674 1129 821 1195 doctores
845 1135 898 1218 qui
923 1132 1069 1198 catholici
1099 1157 1172 1199 cum
1204 1137 1266 1199 sint
1293 1145 1325 1200 et
1348 1135 1443 1200 Ser¹¹⁰

250 1227 418 1293 archiduci
449 1229 506 1296 fidi
535 1255 574 1297 ac
605 1236 721 1299 sinceri
751 1236 923 1301 consiliarii
953 1237 1108 1323 improbis
1138 1238 1263 1304 illorum
1293 1241 1380 1304 ausis
1411 1250 1443 1304 et

251 1332 419 1396 conatibus
441 1336 574 1401 viriliter
596 1341 757 1424 resistunt,
781 1351 989 1424 ammoveret,
1012 1344 1057 1407 ita
1079 1353 1115 1408 ut
1138 1342 1268 1408 consilia
1291 1346 1323 1408 in
1339 1354 1442 1430 poste

250 1458 322 1501 rum
345 1437 462 1504 fierent
483 1441 608 1528 absque
630 1444 826 1531 hominibus,
858 1449 911 1532 qui
940 1456 1029 1511 recte
1060 1447 1228 1512 consulere
1260 1451 1380 1513 scirent
1410 1459 1442 1514 et

221 1615 224 1620 ,
251 1540 397 1608 doctrina
427 1555 525 1630 atque
555 1551 756 1633 experientia
786 1551 941 1615 valerent.
986 1551 1070 1616 Oum
1104 1563 1211 1617 autem
1245 1555 1277 1616 in
1311 1551 1442 1618 consilio

250 1649 355 1713 aulico
386 1650 418 1716 S.
443 1651 537 1716 Ser*
558 1657 767 1740 paucissimos
798 1655 917 1720 habeat
947 1656 1142 1721 consiliarios
1177 1656 1349 1722 catholicos
1383 1657 1441 1721 sed

251 1754 319 1818 sere
349 1777 460 1820 omnes
490 1757 678 1843 haereticos,
710 1760 785 1824 hinc
808 1761 854 1842 fit,
885 1771 919 1826 ut
942 1771 1068 1825 secreta
1091 1761 1213 1826 consilii
1236 1761 1304 1826 aliis
1331 1761 1442 1826 haere-

250 1859 321 1922 ticis
336 1862 477 1926 araxime
493 1864 743 1948 provincialibus
759 1865 954 1952 quandoque
970 1865 1167 1949 revelentur;
1192 1889 1234 1930 ex
1255 1889 1318 1953 quo
1335 1865 1442 1932 Ser¹²¹¹⁸

251 1966 410 2031 archidux
433 1971 465 2032 in
489 1969 587 2033 rebus
610 1971 675 2033 suis
697 1979 784 2034 tutus
807 1993 872 2035 non
896 1971 975 2034 cst.¹

354 2073 534 2138 Tentarunt
563 2095 691 2160 quoque
722 2075 918 2158 persuadere
942 2076 974 2141 S.
998 2075 1085 2158 seru,
1115 2085 1151 2141 ut
1174 2075 1366 2160 civitatibus,
1389 2099 1441 2162 op·

250 2177 344 2264 pidis,
380 2179 520 2264 arcibus,
551 2180 801 2265 propugnaculis
832 2202 895 2244 non
918 2180 999 2244 alius
1029 2180 1182 2267 deinceps
1212 2181 1443 2266 praeficeretur

251 2305 346 2368 quam
371 2305 451 2369 quos
474 2286 535 2369 ipsi
558 2295 784 2369 proponerent,
808 2287 909 2348 itaut
932 2307 1041 2348 omnes
1064 2287 1250 2370 provinciae
1278 2287 1310 2348 in
1341 2295 1443 2370 poste·

251 2410 324 2453 rum
353 2411 418 2452 non
448 2390 636 2473 principem,
668 2410 764 2473 quem
787 2391 846 2474 ipsi
869 2391 969 2454 instar
991 2399 1115 2454 statuae
1140 2411 1210 2454 esse
1233 2389 1362 2474 vellent,
1386 2388 1444 2454 sed

252 2492 466 2579 provinciales
489 2516 598 2559 rerum
622 2491 766 2559 dominos
790 2504 1012 2579 agnoscerent.
1058 2493 1136 2559 Ideo
1159 2493 1347 2560 laborarunt
1369 2495 1443 2559 hac-

251 2610 345 2665 tenus
375 2610 407 2665 et
436 2599 544 2665 adhuc
575 2598 671 2664 valde
700 2598 857 2683 laborant,
889 2609 924 2663 ut
953 2599 985 2665 S.
1011 2598 1105 2665 Sertm
1127 2601 1326 2685 praefectum
1360 2602 1443 2664 arcis

253 2707 448 2773 Graecensis
470 2706 711 2787 munitissimae,
740 2726 823 2790 quae
847 2706 987 2768 omnium
1010 2704 1144 2770 aliarum
1168 2714 1265 2790 caput
1287 2714 1347 2787 est,
1370 2707 1445 2789 quia

252 2819 418 2874 strenuum
442 2808 633 2873 catholicum
656 2830 690 2873 se
714 2806 853 2873 ostendit
868 2830 906 2871 ac
927 2830 1040 2873 verum
1057 2822 1087 2872 et
1103 2808 1218 2873 fortem
1234 2830 1309 2872 cum
1324 2807 1443 2874 Christi

251 2926 319 2979 tum
351 2915 446 2978 etiam
475 2913 628 2999 principis
658 2914 707 2976 sui
736 2912 870 2977 militem
898 2912 1042 2997 praebet,
1067 2911 1252 2997 deponeret.
1299 2910 1444 2993 Quodsi

252 3024 296 3084 ita
318 3042 378 3105 per
400 3040 483 3102 suos,
508 3038 587 3102 quos
610 3016 692 3081 solos
715 3028 951 3103 promoverent,
975 3019 1081 3081 omnia
1103 3016 1175 3081 loca
1197 3019 1329 3100 munita,
1352 3038 1444 3080 arces

252 3147 292 3188 ac
326 3121 568 3209 propugnacula
606 3124 747 3186 omnium
785 3124 1022 3207 provinciarum
1060 3143 1220 3206 occupare
1257 3142 1296 3184 ae
1334 3129 1444 3185 tenere

251 3237 391 3315 possent,
415 3250 521 3292 nonne
544 3228 681 3311 principi
704 3248 761 3290 suo
785 3226 909 3290 occulte
932 3227 1122 3289 intentatum
1152 3226 1280 3290 frenum
1310 3226 1374 3288 iam
1401 3224 1444 3289 in-

252 3332 423 3399 iecissent?

357 3436 445 3518 Quid
464 3439 550 3501 enim
566 3434 653 3500 aliud
669 3446 806 3500 restaret
821 3434 914 3501 serm
930 3432 1107 3513 archiduci,
1131 3455 1228 3519 quam
1246 3443 1279 3497 ut
1295 3454 1329 3497 se
1345 3442 1443 3498 totum

253 3541 295 3605 ad
318 3549 431 3605 nutum
453 3542 595 3624 ipsorum
618 3548 827 3624 componeret
851 3548 882 3601 et
905 3539 1020 3619 omnia,
1046 3536 1143 3602 vellet
1164 3536 1271 3619 nollet,
1300 3559 1343 3601 cx
1365 3539 1444 3621 ipso·

252 3669 323 3710 rum
346 3645 597 3731 praescriptione
621 3652 653 3706 et
676 3642 813 3707 decretis
836 3650 965 3728 gereret
988 3649 1053 3725 aut,
1084 3642 1110 3705 si
1132 3639 1316 3706 huiusmodi
1348 3642 1443 3706 scrvi-

252 3760 353 3814 tutem
376 3756 550 3830 recusaret,
572 3748 707 3831 imperio
729 3748 798 3831 ipso
822 3746 963 3811 cederet.

294 3992 303 4024 ¹
323 3995 378 4044 Der
390 3994 506 4043 Nuntius
524 3994 558 4043 ist
575 3992 635 4043 hier
653 3994 719 4043 tiber
737 3993 781 4043 die
794 3993 883 4058 Dings
900 3991 1067 4043 vortrefflich
1087 3990 1271 4042 unterrichtet.
1295 3991 1382 4041 Schon
1396 3991 1446 4041 seit

322 4082 369 4132 der
392 4080 530 4145 Bemfuug
552 4080 598 4131 der
621 4080 744 4131 Jssuitcn
768 4080 932 4130 bestttrmtsn
957 4079 1001 4129 die
1024 4078 1126 4129 Sthnde
1148 4080 1201 4128 den
1223 4078 1384 4143 Erzherzog,
1407 4078 1447 4129 sie

321 4168 421 4218 wieder
438 4166 639 4229 abansclmtlen3
658 4165 702 4217 die
720 4166 852 4232 Hlufung
870 4166 926 4225 ,der
943 4164 1086 4215 Doctoren‘
1103 4166 1141 4214 im
1153 4164 1312 4231 Regimente
1331 4164 1384 4214 und
1403 4164 1447 4216 die

321 4256 406 4305 damit
423 4254 585 4320 rerlrnttplte
604 4254 766 4319 Mindemug
785 4254 832 4304 der
851 4252 916 4303 Zahl
935 4251 983 4303 der
1000 4251 1240 4318 Regimentsrttthe,
1260 4250 1303 4301 die
1322 4250 1446 4317 augleich

322 4342 472 4393 Landlente
490 4356 586 4401 waren,
605 4342 672 4390 wird
689 4340 842 4407 gleichfalls
861 4342 889 4391 in
902 4340 954 4390 den
967 4339 1200 4405 Sisbzigerjahren
1212 4339 1260 4388 aut
1270 4338 1322 4388 den
1334 4339 1446 4389 meisteu

322 4429 479 4495 Larrdtagen
506 4427 621 4493 oeklagt.
663 4428 688 4477 S.
716 4428 823 4477 meineri
851 4426 960 4477 hulsatz
990 4424 1150 4490 ,Eraheraog
1172 4424 1238 4475 Karl
1261 4425 1295 4473 11.
1323 4424 1379 4474 und
1403 4424 1447 4475 dis

321 4517 408 4582 Frage
434 4516 483 4565 der
507 4514 671 4580 Errichtung
697 4516 770 4565 eines
797 4513 994 4563 Klosterrathes
1017 4512 1060 4562 fur
1086 4511 1320 4563 Innerbstsrreich‘
1347 4510 1447 4561 Archiv

323 4604 365 4655 mr
383 4608 473 4653 deterr.
492 4602 586 4656 (leuch.
606 4602 649 4666 82,
668 4600 750 4651 asrff.
769 4600 825 4650 und
843 4600 990 4649 seu—334.
