3100 5025
233 301 278 367 50

234 499 363 584 hinweg
385 499 599 583 genommen.‘
629 498 683 565 Sie
705 497 808 582 bittet,
831 497 884 566 bei
908 498 966 566 der
980 501 1186 567 Pacification
1211 503 1359 589 gelassen
1383 527 1425 569 zu

234 601 374 668 werden.
420 601 490 666 Aus
527 605 633 667 einem
666 602 847 670 Schreiben
884 603 944 669 der
973 605 1197 672 Verordneten
1234 630 1275 673 an
1309 608 1422 674 Andre

232 706 412 772 Praunt'alk
443 705 565 772 erilthrt
594 730 679 792 man,
711 706 786 773 dass
809 708 1015 796 Freymttller
1043 734 1107 777 von
1129 711 1261 796 Jugend
1291 715 1351 778 auf
1368 713 1424 778 bei

233 810 297 877 den
317 811 464 878 Jesuiten
486 833 646 896 gewesen.
681 811 728 877 Er
750 812 835 878 habe
858 813 928 878 hier
951 816 994 879 im
1017 815 1110 882 Stiste
1134 819 1206 882 eine
1227 817 1423 901 ,christliche

232 917 429 982 Revocation
452 915 533 981 thuu
556 915 683 982 wollen‘
709 917 777 983 und
804 917 895 984 ziehe
922 941 989 984 nun
1019 941 1126 1007 gegen
1148 921 1330 1009 Tttbingen.
1375 923 1423 987 Er

232 1020 345 1086 erhielt
366 1020 409 1085 50
425 1019 555 1087 Gulden
579 1023 634 1086 mit
656 1022 716 1086 auf
735 1021 798 1088 den
821 1022 908 1108 Weg
938 1022 1006 1089 und
1036 1027 1108 1090 eine
1130 1026 1349 1114 Empfehlung
1380 1051 1421 1092 an

232 1125 284 1204 die
307 1124 523 1212 theologieche
546 1125 697 1191 Paenitet
718 1128 750 1191 in
773 1127 956 1214 Tttbingen.
1002 1129 1086 1194 Dort
1115 1128 1269 1196 studierte
1301 1154 1336 1196 er
1365 1131 1427 1196 auf

230 1231 353 1296 Kosten
373 1229 431 1295 der
446 1229 655 1295 Landschalt.
687 1229 768 1296 Eine
785 1231 1003 1319 Empfehlung
1025 1233 1077 1298 fur
1100 1234 1155 1300 ihn
1171 1235 1261 1300 ward
1277 1236 1359 1301 auch
1378 1259 1419 1302 an

231 1334 293 1400 den
309 1335 441 1422 Herzog
453 1334 592 1420 Ludwig
607 1357 670 1400 von
684 1335 916 1421 thrtemberg
932 1336 1115 1423 abgesandt
1132 1338 1198 1424 (28.
1210 1340 1419 1427 December).

798 1579 849 1644 aa.
894 1528 897 1534 ’

230 1739 389 1822 Evatwurs
405 1738 458 1804 dea
480 1736 609 1803 Decreta
630 1736 684 1802 des
706 1735 959 1819 Laadesftireten
982 1760 1026 1804 oa
1052 1741 1104 1805 dte
1130 1741 1150 1806 l.
1171 1743 1195 1823 f.
1218 1741 1330 1807 Stc'idte
1351 1742 1421 1806 end

228 1844 357 1910 Mortte
379 1843 537 1928 beattpliolr
557 1842 642 1907 iteres
661 1840 846 1907 Vernantes
867 1844 903 1906 in
926 1843 986 1908 den
1015 1844 1204 1910 kircbliolzea
1226 1845 1418 1930 Aapelepen-

227 1949 346 2015 heiten:
379 1947 435 2013 Sie
456 1952 593 2013 muana
614 1944 681 2012 oieb
702 1946 756 2011 dee
779 1945 993 2012 Eaercitiams
1007 1949 1048 2013 A.
1066 1947 1100 2014 O.
1117 1950 1152 2014 ia
1174 1949 1234 2014 den
1257 1950 1416 2032 betreffeu·

227 2053 288 2119 dea
309 2053 451 2118 Kirctea
479 2054 515 2117 ia
546 2051 635 2118 Grae
662 2051 731 2115 aad
760 2049 947 2134 Jodetoery
977 2053 1144 2118 enthaltnt.
1183 2057 1278 2119 1580.
1316 2053 1416 2138 (Viel-

356 2157 448 2224 leiott
469 2157 562 2224 senon
583 2157 619 2221 in
640 2155 803 2221 Momm
823 2155 1003 2239 festpeetellt
1026 2156 1152 2222 October
1174 2160 1269 2225 1579.
1267 2159 1285 2243 )

690 2296 747 2363 (Η.-
760 2297 806 2346 Η.-
819 2312 845 2346 u.
858 2295 950 2362 ΒΜ.)

330 2455 439 2523 Ser¹³¹¹⁸
455 2452 602 2521 dominus
624 2452 784 2519 archidux
808 2453 887 2519 nihil
902 2452 1081 2539 addubitat,
1105 2454 1145 2521 N.
1163 2453 1294 2541 consuli,
1317 2454 1417 2521 iudici

226 2584 266 2627 ac
296 2562 420 2626 senatui
451 2560 546 2625 huius
576 2582 655 2625 suae
685 2559 821 2624 civitatis
854 2561 971 2645 optime
1004 2569 1160 2645 constare,
1192 2561 1223 2628 S.
1246 2561 1349 2628 Serre
1372 2560 1416 2626 ab

225 2668 312 2732 initio
336 2667 384 2731 sui
406 2666 570 2751 regiminis
593 2666 626 2729 in
649 2663 798 2729 omnibus
819 2664 958 2750 publicis
981 2666 1223 2732 tractationibus
1253 2666 1415 2751 religionis

225 2772 324 2858 ipsius
346 2768 562 2836 omnimodam
585 2768 824 2855 dispositionem
847 2770 879 2833 in
908 2771 973 2834 suis
1001 2769 1193 2856 civitatibus,
1225 2769 1350 2858 oppidis
1382 2780 1415 2835 et

224 2878 360 2963 propriis
390 2874 537 2941 dominiis
568 2897 722 2961 expresse
751 2884 784 2939 et
813 2873 934 2961 liquido
966 2874 1026 2940 sibi
1056 2897 1185 2962 semper
1217 2898 1413 2960 reservasse,

225 2980 354 3068 dempto
378 3002 425 3066 eo,
453 2978 538 3067 quod
566 2979 633 3046 Sua
655 2979 748 3045 Serta
774 2978 835 3044 hac
858 2982 890 3044 in
913 2988 1004 3066 parte
1028 2980 1080 3044 hic
1103 2982 1135 3045 in
1159 2980 1286 3046 Grata
1310 2990 1342 3045 et
1364 3002 1420 3043 su-.

224 3088 332 3174 perius
347 3087 380 3150 in
394 3086 416 3152 J
425 3083 676 3170 udenburgh
699 3083 873 3149 baronibus
893 3106 932 3148 ac
952 3083 1111 3149 nobilibus
1133 3086 1211 3171 ipsis
1234 3107 1308 3149 una
1330 3106 1413 3148 cum

223 3191 302 3257 illis
333 3193 396 3278 qui
418 3212 545 3256 eorum
569 3199 656 3255 sunt
677 3190 793 3254 iuris¹
816 3188 947 3255 tandem
969 3187 1111 3254 indulsit.
1156 3189 1239 3256 Cum
1261 3190 1357 3275 igitur
1379 3188 1412 3251 id

224 3297 256 3363 S.
281 3294 359 3363 Serti
378 3298 489 3383 vigore
519 3297 604 3361 sacri
633 3295 758 3381 imperii
789 3294 1053 3359 constitucionum
1084 3296 1153 3358 sine
1183 3294 1267 3359 omni
1291 3303 1413 3359 contro-

223 3404 330 3468 versia
359 3402 466 3467 facere
496 3400 621 3465 licuerit
650 3421 771 3485 suaque
796 3397 891 3464 Sere*
915 3399 1034 3483 negotii
1064 3398 1295 3463 confectionem
1322 3396 1414 3463 salva

224 3509 419 3572 conscientia
441 3504 577 3591 amplius
601 3503 730 3569 differre
753 3526 817 3569 non
840 3504 952 3589 possit:
976 3500 1049 3567 ideo
1073 3502 1105 3567 S.
1128 3501 1220 3567 Sera
1241 3524 1313 3567 eam
1342 3525 1412 3568 rem

225 3612 288 3697 ipsi
311 3610 443 3694 consuli,
465 3608 565 3675 iudici
587 3618 619 3673 et
641 3611 766 3673 senatui
788 3608 876 3673 hisce
900 3606 1074 3671 clementer
1095 3606 1276 3691 significare
1307 3616 1338 3671 et
1367 3608 1412 3672 eis

222 3713 316 3780 simul
346 3716 428 3779 serio
458 3737 499 3778 ao
526 3734 583 3800 pro
607 3736 645 3777 ea
667 3711 742 3795 fide,
774 3736 838 3798 qua
862 3712 894 3778 S.
920 3709 998 3777 Serti
1021 3710 1162 3776 obstricti
1185 3721 1268 3793 sunt,
1291 3714 1413 3797 praeci·

222 3817 338 3906 piendo
361 3818 516 3882 mandare
539 3817 648 3899 voluit,
679 3826 799 3881 utnon
824 3816 926 3881 solum
949 3818 1008 3901 ipsi
1031 3840 1070 3879 ac
1098 3838 1208 3879 eorum
1238 3815 1412 3881 familiares

223 3924 375 4009 deinceps
398 3922 440 3987 ab
464 3924 605 4009 ipsorum
629 3920 787 3987 baronum
810 3930 841 3986 et
855 3920 1009 3986 nobilium
1027 3920 1163 3984 ecclesia
1178 3942 1236 3984 seu
1251 3918 1412 4005 religionis

222 4030 375 4093 exercitio
398 4026 493 4114 plane
516 4025 698 4091 abstineant
718 4025 776 4091 sed
798 4023 830 4090 id
846 4027 940 4090 etiam
957 4025 1087 4111 reliquis
1105 4023 1229 4088 civibus
1245 4046 1284 4089 ac
1301 4046 1411 4088 eorum

221 4130 430 4197 familiaribus
452 4134 536 4197 serio
559 4130 735 4214 inhibeant,
764 4132 790 4195 si
814 4131 899 4195 etin
922 4139 1076 4216 quantum
1099 4128 1131 4194 S.
1157 4126 1247 4193 Sertis
1268 4127 1412 4214 indigna-

220 4239 338 4302 tionem
368 4247 400 4302 et
433 4238 657 4322 gravissimam
691 4233 1004 4301 animadversionem
1038 4237 1204 4299 incurrere
1237 4232 1410 4317 voluerint3

221 4340 306 4427 quod
328 4350 364 4405 ut
386 4336 423 4405 eo
445 4340 571 4406 facilius
593 4351 761 4427 praestare
783 4341 914 4425 possint,
938 4338 970 4405 S.
992 4339 1086 4405 sere·
1105 4338 1220 4402 harum
1243 4340 1325 4402 serie
1349 4336 1411 4402 cle·

220 4468 425 4475 ———-..

262 4516 272 4547 ¹
290 4517 379 4569 Selbat
403 4517 461 4567 hier
483 4515 543 4567 aiud
566 4517 634 4567 noch
657 4514 702 4566 die
726 4515 912 4566 Unterthanen
935 4513 983 4564 des
1003 4514 1119 4564 Horren·
1141 4512 1197 4564 und
1214 4512 1411 4564 Ritterstandee

288 4604 510 4671 eingeschioaoen.
