3100 5025
1248 291 1312 356 245

116 481 245 548 abunde
269 492 359 568 patet
381 481 467 568 quod
491 484 524 548 in
547 481 597 546 his
621 483 755 548 comitiis
779 482 812 550 S.
829 482 924 548 Ser¹⁸¹
948 483 991 548 ab
1014 484 1060 548 eis
1083 506 1190 570 neque
1212 487 1312 569 preci·

115 587 175 652 bus
197 608 306 672 neque
328 588 423 652 minis
445 586 592 653 obtinere
618 588 731 671 potuit,
761 596 797 652 nt
828 586 978 652 collectas
1009 609 1074 671 aas,
1105 609 1168 674 que
1198 590 1263 654 iam
1292 611 1313 654 a

117 693 286 776 sexaginta
300 692 394 756 annis
411 689 464 755 vel
478 689 616 775 amplius
631 689 673 754 ad
689 690 890 776 protegenda
905 691 1044 756 confinia
1060 701 1172 756 contra
1187 692 1312 756 Tur-cas

116 795 157 860 ab
179 796 226 860 eis
248 796 401 860 continue
424 794 664 860 subministrata
687 794 826 878 fuerunt,
851 794 986 880 amplius
1010 795 1043 860 S.
1061 793 1102 862 se
1126 794 1180 859 vel
1201 797 1312 882 pocius

116 898 243 964 sibimet
265 920 306 961 ac
321 899 483 962 communi
498 882 622 984 patriae
638 897 865 981 concederent,
888 897 947 962 sed
964 920 1019 963 eas
1034 898 1129 984 plene
1145 907 1311 984 negarent,

116 1013 147 1068 et
166 1000 312 1068 nonnulli
335 1023 378 1065 ex
401 1002 447 1064 eis
469 999 553 1066 adeo
575 1000 619 1066 ab
641 1003 728 1066 omni
750 1003 869 1087 pietate
892 1023 932 1066 ae
955 1004 1095 1088 equitate
1117 1005 1224 1068 aversi
1246 1002 1312 1068 lue·

114 1115 198 1189 runt,
221 1114 259 1170 ut
280 1104 449 1169 audientes
465 1102 555 1170 serti·
571 1105 603 1170 S.
621 1104 788 1169 decretum
812 1115 923 1170 contra
946 1105 1066 1170 dictam
1088 1105 1250 1172 licentiam
1272 1129 1311 1170 ac

115 1210 328 1276 tollerantiam
349 1210 383 1273 in
405 1211 541 1294 negocio
562 1209 725 1292 religionis
746 1209 996 1294 promulgatum,
1030 1231 1094 1274 uon
1124 1209 1312 1276 erubuerint

15 1334 17 1393 ς
114 1317 147 1380 in
172 1313 305 1400 publico
327 1334 481 1378 consessu
502 1311 666 1377 affirmare
687 1335 942 1400 asseverareque
965 1312 1060 1380 malle
1083 1336 1118 1378 se
1140 1314 1312 1379 'Ilurcieam

113 1419 321 1484 servitutem¹
343 1437 384 1480 ao
405 1416 613 1502 tyrannidem
634 1416 745 1481 subire
767 1438 865 1502 quam
888 1415 943 1482 tali
959 1416 991 1484 S.
1006 1415 1095 1484 Sertis
1110 1417 1242 1483 decreto
1257 1417 1312 1484 ad·

113 1521 271 1608 stipulari,
293 1521 437 1586 ancam
453 1519 514 1584 illis
529 1519 636 1606 quoad
652 1520 737 1585 bona
752 1521 941 1607 temporalia
956 1522 1092 1587 fortasse
1106 1522 1311 1589 infensiorem

112 1649 153 1692 ac
184 1626 349 1690 duriorem
379 1622 545 1690 dominum
574 1625 718 1690 flitmum
744 1623 804 1689 sed
826 1628 859 1690 in
882 1629 1080 1692 conscientia
1101 1626 1170 1692 illos
1192 1626 1311 1692 liberos

112 1729 303 1796 relicturum
324 1752 365 1794 ac
387 1730 452 1793 Dei
473 1730 669 1794 institutione
691 1731 795 1814 magis
817 1729 977 1794 verendos
1000 1739 1033 1796 et
1054 1730 1217 1796 cavendos
1240 1753 1311 1796 esse

112 1856 169 1900 eos
192 1836 249 1919 qui
270 1835 412 1898 animam
435 1853 533 1918 qnam
555 1855 610 1898 eos
632 1835 687 1919 qui
711 1854 829 1918 corpus
851 1835 1080 1899 interficerent.

219 1937 349 2003 Deinde
366 1935 443 2004 Ser‘i
460 1937 493 2003 S.
509 1936 712 2022 exploratum
728 1947 787 2020 est,
810 1940 955 2023 quamvis
970 1937 1032 2002 alie
1055 1939 1123 2002 eius
1145 1940 1312 2024 provincie

112 2065 190 2108 oum
214 2041 331 2127 qnibns
353 2041 417 2106 tale
439 2041 474 2106 S.
486 2039 576 2106 Sertin
600 2039 768 2106 decretum
791 2043 1109 2108 communicaverant
1130 2064 1185 2108 eos
1207 2043 1311 2106 amice

112 2158 147 2212 et
177 2145 290 2210 sedulo
321 2155 468 2210 exortate
496 2146 570 2229 sint,
600 2156 636 2210 ut
657 2146 690 2211 S.
706 2144 787 2212 Serti
817 2145 881 2211 alia
910 2168 946 2211 re
978 2167 1075 2231 quam
1104 2146 1256 2232 precibus
1280 2156 1312 2211 et

5 2240 6 2253 ¹
111 2249 403 2338 supplicationibus
423 2271 488 2314 non
511 2250 716 2316 resisterent²
742 2273 783 2314 ac
815 2249 1076 2334 adversarentur,
1107 2250 1311 2316 nibilominus

110 2367 225 2423 tamen
247 2353 316 2419 illos
338 2353 471 2420 tandem
485 2353 691 2438 conclusisse,
714 2357 742 2418 si
755 2375 871 2440 preces
886 2377 925 2420 ac
941 2354 1190 2440 supplicationes
1205 2354 1311 2420 locum

2 2450 3 2473 ¹
111 2482 179 2527 non
202 2457 376 2525 habuerint
397 2479 432 2523 se
455 2479 513 2544 pro
535 2460 691 2525 interesse
714 2460 892 2525 communis
915 2459 1077 2545 religionis
1101 2469 1133 2525 et
1154 2461 1192 2525 iis
1214 2461 1310 2547 stipu-

2 2619 4 2654 ,
110 2564 296 2647 lenonibus,
327 2585 391 2649 qne
420 2565 504 2629 inter
531 2566 617 2649 ipsos
639 2564 746 2630 factae
769 2563 901 2629 luerunt
922 2564 1060 2648 tuendis,
1092 2564 1152 2629 illis
1174 2564 1311 2650 amplius

110 2694 177 2735 non
199 2668 368 2734 defuturos
390 2667 448 2733 sed
470 2670 583 2753 pocius
605 2690 680 2733 cum
702 2668 762 2733 illis
786 2670 893 2733 omnia
914 2669 1056 2734 facturos
1079 2691 1176 2755 quam
1199 2691 1219 2733 a
1239 2691 1311 2733 eon·

109 2776 254 2839 sessione
276 2793 387 2837 eorum
410 2771 585 2837 vellatum
605 2794 750 2858 unguem
774 2771 981 2837 discessuros.

217 2878 356 2961 Insuper
378 2875 426 2941 δ”
450 2876 482 2941 S.
506 2898 571 2942 non
593 2900 614 2942 a
634 2876 761 2942 levibus
784 2887 840 2942 aut
869 2876 992 2941 feribus
1025 2875 1102 2961 (sie)
1134 2898 1192 2961 pro
1223 2884 1310 2943 certo

110 2982 311 3047 affirmatum
325 2981 395 3065 fuit,
415 2983 560 3046 civitates
576 2981 735 3067 quasdam
750 2990 782 3047 et
797 2983 971 3069 praecipue
986 2981 1072 3045 hane
1089 2981 1310 3046 Graeeensem

111 3109 189 3153 cum
210 3087 288 3171 ipsis
311 3084 560 3170 provincialibus
582 3088 626 3151 ita
648 3108 720 3151 sese
744 3086 929 3152 deiunxisse
955 3085 1042 3170 (sie),
1065 3095 1102 3149 ut
1120 3087 1309 3149 seinvicem

110 3192 145 3256 in
167 3191 298 3276 negotio
319 3189 482 3275 religionis
503 3189 545 3253 ad
562 3213 635 3255 aras
651 3213 753 3277 usqne
769 3191 942 3277 protecturi
958 3211 997 3253 ao
1013 3188 1177 3254 defensuri
1192 3196 1308 3253 essent.

218 3294 272 3359 De
294 3296 409 3359 vicinis
431 3293 610 3360 Austriaeis
635 3295 696 3360 hoe
720 3305 752 3359 et
773 3295 807 3360 S.
824 3293 902 3360 Serti
927 3302 1015 3359 certo
1039 3302 1172 3376 constat,
1200 3315 1309 3379 supra-

110 3400 237 3465 dictum
266 3400 336 3463 eins
365 3398 532 3464 decretum
558 3402 605 3463 sic
627 3401 686 3463 vix
707 3399 866 3483 publicari
888 3400 1028 3483 potuisse
1050 3419 1147 3483 quam
1169 3396 1229 3461 illis
1251 3420 1311 3483 per

109 3526 214 3571 unum
245 3525 289 3567 ex
317 3505 462 3568 sectariis
491 3505 655 3589 provincie
685 3505 881 3567 insinuatum
914 3512 946 3566 et
974 3524 1033 3587 per
1060 3522 1114 3565 eos
1137 3503 1169 3566 in
1192 3500 1309 3586 oppido

110 3607 255 3693 quodam
278 3606 426 3671 Viennae
453 3610 633 3693 propinquo
656 3606 797 3692 desuper
819 3605 1032 3671 deliberatum
1052 3604 1185 3671 tandem
1207 3627 1309 3670 secre-

109 3713 231 3777 tarium
253 3712 359 3795 ipsum
381 3731 455 3775 cum
477 3710 662 3795 ingentibus
683 3711 871 3795 praemissis
894 3712 1062 3775 remissum
1085 3709 1192 3773 fuisse.

218 3815 271 3879 De
294 3813 446 3899 Ungaris,
475 3814 628 3879 Bohemis
659 3826 690 3879 ot
720 3814 790 3878 aliis
813 3812 1060 3899 proximioribrls
1083 3813 1208 3899 populis
1231 3811 1310 3877 nibil

111 3918 246 4005 quidem
268 3917 377 3981 adhuc
398 3920 479 3983 certi
500 3919 662 4005 expiscari
677 3922 789 4004 potuit,
813 3940 877 3982 non
892 3927 1063 3981 esttamen
1078 3916 1310 4002 ambigendum

113 4046 169 4089 eos
192 4045 265 4087 esse
287 4024 348 4087 sibi
370 4024 509 4087 invicem
524 4025 556 4087 in
571 4045 765 4110 quacunque
782 4024 971 4087 necessitate
986 4023 1118 4086 minime
1133 4020 1308 4104 defuturos,

156 4212 242 4264 ¹Des
264 4214 300 4265 ist
321 4213 396 4264 nicht
418 4214 498 4265 wabr.
530 4214 596 4264 Hier
619 4214 709 4266 wurde
732 4214 780 4264 der
797 4213 950 4278 Erzhersog
971 4229 1040 4278 ganz
1063 4212 1148 4263 lalsch
1171 4212 1308 4263 beriehtot.

182 4300 243 4349 Wir
261 4300 368 4350 kennen
387 4301 431 4351 die
449 4300 592 4351 einzelnen
610 4300 719 4351 Stadien
738 4300 785 4352 der
799 4300 1027 4365 Verhandlungen
1046 4301 1082 4349 irn
1101 4298 1230 4365 Landtag.
1249 4300 1309 4349 Von

182 4385 291 4436 keinern
310 4386 435 4452 Mitgliod
452 4388 487 4437 ist
504 4389 548 4437 ein
568 4388 645 4437 Wort
661 4387 788 4454 gefallen‚
812 4386 859 4437 das
883 4403 911 4436 so
930 4384 1057 4453 gedeutet
1074 4385 1181 4434 werden
1199 4384 1307 4435 konnte.

153 4470 210 4524 ’8.
222 4472 422 4523 dieSehreiben
440 4472 487 4524 der
500 4474 636 4525 Kitrntnsr
653 4473 707 4525 und
720 4474 836 4524 Krainer
854 4474 881 4522 in
900 4472 952 4523 den
969 4476 1053 4521 nnten
1071 4470 1214 4538 folgenden
1227 4472 1307 4522 Num·

182 4575 259 4611 mern
276 4558 324 4610 der
341 4559 480 4611 eicbsnten
498 4560 616 4626 Grnppe.
