3100 5025
233 320 299 386 250

231 514 480 599 quingentorum
512 511 646 578 millium
678 514 859 577 animarum
894 513 963 576 sine
998 511 1095 576 dubio
1131 511 1295 577 excedunt
1324 511 1433 576 salute

231 617 443 704 libertateque
473 618 517 681 ita
548 626 658 681 actum
688 625 783 700 esset,
814 625 849 681 ut
878 624 991 703 postea
1013 617 1128 680 vicinis
1150 615 1263 683 ltaliae
1285 638 1326 680 ac
1348 615 1432 682 Ger·

231 723 358 786 maniae
381 721 505 807 populis
528 720 652 806 absque
674 719 739 785 ulla
762 719 914 785 dilatione
937 719 1016 785 illud
1038 723 1142 804 ipsum
1170 720 1350 807 periculum
1371 721 1431 784 im·

232 827 377 910 minoret,
399 826 542 890 maxime
565 846 639 889 curn
663 823 752 888 credi
775 847 840 889 non
863 827 963 910 possit
976 824 1046 890 fore
1062 827 1246 911 quempiam
1262 827 1317 911 qui
1332 823 1430 890 Ser³⁰

231 928 398 994 archiduci
428 950 503 992 cum
533 928 599 992 suis
628 928 766 993 subditis
797 927 916 993 bellum
944 930 1070 1014 gerenti
1091 927 1136 992 ad
1158 928 1293 994 uitanda
1315 943 1430 993 contra

231 1035 356 1099 Turcas
377 1033 526 1116 confinia,
549 1035 582 1096 iu
604 1054 689 1118 quae
711 1032 872 1097 ordinarie
896 1041 928 1098 et
950 1035 1047 1097 etiam
1069 1043 1213 1118 tempore
1229 1032 1429 1097 indutiarum

231 1140 407 1224 quingenta
429 1138 498 1202 fere
520 1159 629 1203 annua
651 1135 750 1202 millia
771 1137 965 1202 florenorum
989 1140 1179 1224 computatis
1202 1135 1430 1222 computandis

230 1242 468 1328 impendantur,
491 1264 550 1328 per
572 1264 627 1306 eos
650 1263 760 1324 annos,
785 1241 902 1327 quibus
926 1241 958 1308 S.
972 1240 1052 1308 Ser‘i
1076 1265 1149 1305 cum
1173 1240 1309 1306 subditis
1331 1261 1427 1326 nego

231 1347 316 1410 cium
338 1355 433 1428 esset,
463 1344 635 1430 largiretur
664 1367 704 1410 ac
734 1345 964 1431 suppeditaret.
1011 1345 1170 1427 Quamvis
1201 1367 1244 1409 ex
1273 1347 1311 1409 iis
1342 1367 1428 1430 quae

231 1450 379 1534 superius
409 1448 496 1513 dicta
525 1459 609 1533 sunt,
640 1448 735 1513 facile
765 1448 871 1534 colligi
899 1451 998 1534 possit
1020 1447 1062 1512 S*i
1086 1448 1118 1514 S.
1142 1448 1206 1514 tale
1229 1449 1329 1513 solum
1352 1447 1428 1512 sub

230 1552 347 1617 sidium
378 1563 490 1618 contra
515 1554 640 1618 lineas
670 1575 733 1617 non
763 1554 974 1618 suffecturum
1004 1553 1063 1619 sed
1093 1556 1123 1619 ei
1153 1555 1248 1619 etiam
1279 1563 1429 1639 sumptus

230 1659 262 1720 in
292 1656 414 1722 bellum
444 1657 538 1722 civile
568 1657 832 1722 subministrandi
859 1657 913 1722 vel
935 1657 968 1723 S.
985 1655 1064 1724 Serti
1088 1659 1193 1723 statim
1217 1657 1429 1722 succumben-

233 1759 310 1825 dum
333 1771 428 1826 esset.

335 1865 388 1930 An
419 1875 526 1930 autem
549 1866 581 1930 S.
598 1866 641 1930 D.
657 1866 698 1930 N.
722 1865 818 1950 solus,
850 1889 925 1931 nam
956 1867 997 1931 de
1027 1867 1097 1931 aliis
1126 1866 1324 1953 principibus
1346 1866 1429 1930 nihil

231 1991 311 2055 opus
341 1979 391 2035 est
420 1969 539 2053 dicere,
570 1992 644 2034 cum
674 1969 718 2033 illi
741 1991 852 2034 omnes
874 1972 939 2034 suis
962 1970 1137 2036 commodis
1160 1969 1358 2035 solummodo
1380 1971 1428 2034 in-

230 2074 396 2158 cumbunt,
426 2083 551 2139 tanum
580 2077 666 2138 aeris
688 2074 721 2140 S.
738 2071 817 2139 Serti
849 2072 964 2138 debitis
995 2075 1194 2160 temporibus
1223 2095 1283 2160 per
1305 2073 1428 2159 aliquot

230 2201 332 2244 annos
346 2180 562 2244 transmittere
577 2187 695 2263 posset,
717 2178 750 2242 id
766 2181 927 2244 sanctitati
942 2178 1025 2244 illius
1041 2201 1138 2265 quam
1154 2181 1273 2265 optime
1290 2187 1425 2243 constat.

334 2283 386 2349 De
408 2286 602 2369 imperatore
624 2305 665 2346 ac
686 2303 766 2366 rege
781 2283 959 2368 Hispaniae
982 2283 1061 2369 quid
1084 2305 1123 2348 ea
1145 2285 1176 2348 in
1193 2291 1284 2369 parte
1300 2283 1332 2348 S.
1346 2281 1427 2347 Ser*i

230 2387 428 2474 sperandum
449 2409 560 2452 omnes
583 2387 635 2452 vel
657 2387 812 2452 mediocri
827 2385 946 2453 iudicio
960 2411 1000 2452 ac
1016 2389 1195 2472 cognitione
1210 2409 1318 2452 rerum
1333 2409 1426 2473 prae·

231 2491 290 2557 diti
312 2490 458 2557 iudicare
480 2500 623 2577 possunt.

334 2594 445 2676 Quare
460 2598 515 2682 qui
531 2594 626 2661 Ser¹¹⁰
641 2595 809 2661 archiduci
827 2596 1009 2661 consuleret
1031 2606 1065 2662 ut
1087 2599 1134 2661 sic
1156 2595 1254 2661 rebus
1276 2597 1427 2662 omnibus

229 2721 294 2764 non
316 2700 399 2764 bene
423 2702 600 2765 constitutis
623 2710 657 2765 et
677 2699 749 2787 plus
772 2722 871 2786 quam
891 2703 1084 2765 assecuratis
1099 2701 1152 2765 vel
1167 2702 1332 2766 minimum
1347 2700 1426 2766 belli

230 2802 422 2889 saepedictis
445 2806 511 2868 suis
533 2804 670 2868 subditis
692 2814 847 2887 moveret,
870 2806 897 2869 is
920 2814 1008 2869 certe
1031 2814 1124 2871 autor
1145 2804 1188 2869 illi
1211 2814 1305 2887 esset,
1330 2816 1365 2869 ut
1387 2828 1425 2870 se

230 2930 295 2971 una
317 2930 391 2971 cum
414 2909 561 2994 conjuge,
583 2908 704 2992 liberis,
727 2907 888 2991 fidelibus,
913 2908 1058 2992 subditis,
1082 2911 1176 2973 avitis
1199 2910 1372 2995 provinciis
1392 2919 1427 2974 et

230 3014 316 3076 omni
338 3014 371 3076 iu
393 3014 439 3077 eis
461 3014 593 3096 vigente
616 3011 724 3077 adhuc
746 3012 813 3077 fide
835 3012 1056 3099 religioneque
1071 3022 1137 3077 tam
1153 3012 1310 3079 catholica
1326 3036 1426 3099 quam

229 3114 369 3181 adversa
390 3119 423 3181 in
446 3138 607 3181 summum
629 3125 663 3180 et
685 3115 849 3180 exitiabile
874 3116 1047 3181 discrimen
1063 3120 1232 3181 coniceret.
1263 3117 1348 3182 Nam
1365 3120 1425 3182 etsi

230 3220 262 3284 S.
287 3220 382 3285 Ser‘¹⁵
412 3245 432 3285 a
462 3219 628 3286 catholicis
657 3221 723 3285 suis
752 3219 890 3286 subditis
921 3221 1146 3286 ecclesiasticis
1170 3230 1203 3285 et
1224 3220 1426 3285 secularibus

229 3346 294 3389 non
317 3347 431 3409 parum
454 3328 533 3409 opis,
562 3324 640 3389 dum
662 3346 715 3388 rea
735 3310 817 3389 'suae
839 3324 951 3389 felices
974 3334 1007 3389 et
1028 3325 1191 3390 secundae
1215 3333 1332 3408 essent,
1363 3325 1425 3390 sibi

229 3427 371 3513 polliceri
392 3438 424 3493 et
438 3432 472 3491 iu
487 3430 599 3512 primis
613 3430 646 3492 in
662 3428 726 3491 Dei
741 3427 781 3492 Ο.
794 3428 839 3491 Μ.
857 3427 1014 3493 adiutorio
1036 3450 1101 3493 non
1123 3449 1238 3514 parum
1261 3428 1425 3493 confidere

229 3542 346 3618 posset,
378 3532 530 3618 quoniam
551 3540 661 3595 tamen
684 3533 831 3617 superius
854 3531 1108 3597 demonstratum
1132 3542 1190 3608 est,
1222 3531 1308 3618 quod
1331 3555 1352 3597 a
1374 3556 1425 3597 ru-

229 3638 316 3699 sticis
338 3646 372 3699 et
394 3634 563 3720 oppidanis
585 3656 644 3720 per
665 3658 794 3700 omnem
817 3640 1019 3701 occasionem
1042 3635 1222 3701 verendum
1244 3638 1293 3719 sit,
1324 3638 1369 3701 ita
1392 3647 1424 3701 et

228 3738 316 3825 quod
339 3739 546 3803 ecclesiastici
570 3740 629 3823 ipsi
653 3748 799 3824 prestare
814 3742 936 3825 possint
951 3751 983 3805 et
998 3742 1067 3805 veri
1081 3740 1201 3806 iudicia
1218 3741 1280 3805 Dei
1297 3740 1425 3805 abissus

229 3842 329 3907 multa
351 3866 390 3907 ac
412 3844 520 3907 miseri
542 3844 692 3908 mortales
715 3868 758 3908 an
781 3866 890 3909 amore
912 3845 966 3908 vel
989 3844 1062 3908 odio
1085 3844 1174 3930 digni
1190 3848 1254 3909 sint
1268 3846 1424 3926 nesciant,

228 3945 301 4011 ideo
324 3947 469 4031 profecto
492 3968 556 4011 non
571 3957 677 4033 potest
691 3971 763 4013 esse
780 3948 812 4014 S.
826 3946 868 4013 Sa
888 3948 1078 4031 consultum,
1102 3959 1137 4013 ut
1159 3970 1219 4034 per
1240 3970 1276 4013 se
1299 3957 1331 4013 et
1353 3948 1425 4013 abs-

229 4072 293 4135 que
316 4049 369 4115 S¹¹¹i
392 4051 433 4114 D.
450 4051 491 4114 N.
516 4074 576 4115 nec
605 4074 669 4116 non
693 4050 787 4117 ans.
805 4051 870 4116 Ml·
893 4074 932 4117 ac
962 4053 1097 4117 aliorum
1128 4074 1258 4117 suorum
1288 4074 1425 4117 consan-

229 4155 418 4237 guineorum
440 4153 581 4220 ulteriori
603 4155 733 4220 consilio
756 4157 789 4219 in
813 4155 874 4220 hoc
896 4166 963 4221 tarn
984 4160 1094 4241 magni
1116 4158 1268 4222 momenti
1297 4160 1426 4241 negotio

230 4259 403 4343 quicquam
433 4259 541 4323 adhuc
570 4268 691 4325 statuat
719 4259 772 4324 vel
804 4259 1022 4345 aggrediatur,
1054 4260 1140 4345 quod
1169 4261 1249 4326 tales
1272 4261 1426 4326 scintillas

229 4360 317 4445 dare,
348 4362 435 4427 unde
465 4366 607 4428 maxime
638 4362 780 4449 flagrans
807 4373 839 4428 et
862 4374 979 4428 cuncta
1001 4363 1064 4429 late
1087 4367 1217 4450 rapiens
1239 4364 1426 4429 incendium

228 4468 348 4531 exoriri
377 4477 494 4552 posset,
524 4469 714 4553 praesertim
738 4490 812 4532 cum
836 4467 930 4533 Ser*no
952 4467 1119 4533 archiduci
1143 4470 1270 4535 omnino
1292 4490 1426 4554 sperare

227 4568 304 4634 licet
325 4571 358 4637 S.
374 4570 417 4639 D.
433 4571 474 4641 N..
498 4570 661 4642 intellecta
681 4593 791 4636 rerum
813 4572 897 4636 facie
913 4570 1017 4637 Sertem
1041 4574 1109 4637 eius
1131 4574 1243 4659 pocius
1266 4572 1426 4638 collauda
