3100 5025
1231 301 1296 367 589

206 492 330 557 Verum
361 514 436 557 eum
465 492 507 557 ad
536 495 761 558 executionem
784 502 916 559 ventum
940 502 998 577 est,
1021 493 1067 558 ibi
1088 493 1204 559 fratres
1227 516 1294 558 coe·

98 606 219 682 parunt
246 606 314 661 tam
343 596 554 661 vehementer
584 596 780 679 tumultuari,
812 607 847 661 ut
869 606 969 661 totam
992 599 1155 663 civitatem
1178 618 1295 682 magno

98 722 174 764 eum
197 699 351 765 scandalo
372 699 644 786 perturbaverint,
668 700 844 785 parochum
867 722 931 765 nou
955 700 1051 766 modo
1080 700 1298 786 impedierunt

97 807 132 868 in
155 804 349 869 exercendis
372 804 489 870 divinis
511 804 635 884 officiis,
658 826 772 869 verum
796 806 893 869 etiam
909 805 995 869 vitae
1010 804 1190 889 periculum
1213 826 1296 870 eom·

98 910 215 973 minari
238 930 301 973 non
325 907 483 973 desinunt.
530 908 662 973 Interim
684 930 764 972 vero
787 907 934 973 clenodia
962 916 1059 993 atque
1082 907 1146 973 alia
1168 908 1297 975 mobilia

99 1021 319 1077 convasarunt
340 1022 373 1076 et
394 1014 479 1078 inter
501 1022 609 1077 cetera
631 1034 731 1077 unum
753 1012 911 1077 ciborium
933 1012 1050 1077 valoris
1078 1011 1142 1075 600
1164 1011 1296 1078 floreno·

98 1140 173 1181 rum
202 1138 261 1201 pro
291 1116 356 1180 200
384 1118 544 1181 incertum
574 1140 637 1203 quo
666 1117 737 1182 loco
767 1118 1022 1204 oppignerarunt
1052 1124 1150 1201 atque
1181 1115 1296 1181 etheo

99 1222 240 1306 pecunia
270 1220 500 1305 provincialem
530 1222 647 1285 viatico
676 1222 901 1284 instruxerunt
929 1230 961 1283 et
983 1220 1118 1284 Romam
1141 1219 1297 1285 miserunt
1333 1298 1336 1305 Α

99 1323 142 1388 ad
165 1326 402 1389 revocationem
420 1324 565 1409 predicte
581 1325 795 1389 concessionis
812 1322 961 1408 Gregorii
976 1322 1060 1387 XIII
1076 1322 1294 1389 othnendam.

99 1427 209 1513 Atque
231 1430 359 1492 interim
373 1450 438 1493 non
452 1438 607 1494 verentur
622 1428 808 1493 insolentius
824 1427 912 1493 abuti
928 1428 1056 1492 nomine
1071 1425 1124 1493 SI·
1139 1428 1183 1511 S.,
1204 1430 1296 1514 quasi

98 1554 158 1617 pro
188 1540 263 1595 voto
293 1534 378 1595 nacti
409 1534 473 1596 sint
495 1532 680 1617 pontificem
701 1530 896 1615 reIIgiosum,
925 1553 999 1596 cum
1021 1540 1128 1596 tamen
1152 1530 1184 1595 S.
1201 1531 1296 1597 Ser‘⁸⁸

97 1658 164 1699 non
198 1638 304 1699 minus
334 1658 432 1721 quam
463 1637 633 1722 quisquam
662 1636 745 1701 alins
775 1634 830 1701 δῶ
852 1636 885 1701 S.
909 1634 1190 1701 obedientissimus
1212 1636 1295 1701 filius

99 1742 220 1825 optima
242 1760 391 1825 quaeque
414 1763 434 1804 a
456 1739 654 1825 benignitate
676 1738 822 1805 eiusdem
840 1748 1000 1825 expectet.
1032 1737 1205 1805 Caeterum
1222 1742 1296 1826 quia

98 1844 260 1929 generalis
282 1846 442 1909 societatis
468 1854 541 1931 post
562 1844 741 1909 adventum
762 1843 969 1930 provincialis
984 1845 1016 1907 iu
1032 1843 1147 1909 urbem
1170 1842 1212 1909 ad
1227 1866 1296 1908 rec-

98 1958 202 2013 torem
232 1947 357 2031 colleffl'i
386 1948 508 2013 Gretzii
539 1950 666 2032 scripsit
696 1957 729 2011 et
758 1946 933 2029 mandavit,
965 1956 1000 2011 ut
1022 1949 1129 2012 omnia
1150 1957 1217 2012 tam
1240 1950 1295 2013 im-

98 2051 230 2117 mobilia
252 2050 365 2138 (quam
387 2051 517 2117 mobilia
539 2051 618 2138 ad)¹
641 2052 811 2117 ecclesiam
834 2054 937 2137 ipsam
960 2053 1174 2134 restituerent,
1206 2051 1295 2137 quod

98 2167 132 2221 et
153 2155 355 2221 obedientiae
378 2178 477 2221 causa
499 2157 622 2222 factum
652 2166 709 2238 est,
741 2158 800 2220 etsi
831 2157 937 2241 opinio
968 2157 1008 2220 sit
1030 2154 1062 2221 S.
1080 2155 1113 2221 S.
1130 2155 1225 2220 huius
1248 2158 1295 2221 rei

96 2282 164 2324 non
187 2281 258 2325 esse
281 2263 452 2325 consciam.

204 2362 371 2449 Supplicat
392 2366 501 2451 itaque
525 2364 556 2430 S.
575 2364 680 2447 Saum,
703 2385 788 2449 qnae
811 2386 854 2427 ex
876 2363 925 2429 his
948 2362 1137 2429 tumultibus
1167 2373 1296 2451 praeter

96 2467 374 2555 perturbationem
399 2467 563 2555 publicam
586 2472 681 2534 totius
704 2470 841 2534 civitatis
864 2490 929 2534 non
958 2469 1064 2534 levem
1095 2491 1222 2556 quoque
1250 2472 1295 2536 in·

95 2574 213 2638 iuriam
235 2573 296 2638 sibi
319 2575 467 2658 accipere
489 2572 628 2656 videtur,
652 2583 687 2637 ut
709 2573 912 2659 praedictam
927 2575 1167 2639 concessionem
1184 2597 1294 2641 manu·

96 2687 209 2742 tenere
232 2685 264 2741 et
287 2686 444 2763 quatenus
467 2699 546 2762 opus
569 2687 618 2741 est
632 2698 717 2742 nova
733 2677 975 2743 confirmatione
995 2677 1203 2743 corroborare
1218 2679 1296 2745 velit

95 2783 224 2867 ipsique
246 2781 435 2867 provinciali
457 2791 489 2846 et
511 2782 614 2864 sociis,
637 2792 813 2868 antequam
836 2781 917 2846 baec
937 2781 1105 2865 tragoedia
1120 2782 1215 2848 latius
1230 2805 1293 2848 ser-

97 2894 167 2971 pat,
189 2895 384 2971 perpetuum
406 2884 569 2964 silentium
589 2885 687 2951 indici
710 2895 810 2950 curet.

202 3023 243 3086 Iu
266 3023 379 3087 dorso:
416 3023 618 3109 Excerptum
634 3023 681 3109 (e)
702 3023 803 3088 literis
818 3023 979 3110 generalis
996 3021 1086 3089 Sermi
1110 3023 1294 3089 archiducie

97 3127 215 3194 Caroli,
250 3126 346 3193 Circa
369 3127 447 3192 eccl.
471 3129 607 3192 fratrum
630 3126 780 3192 Praedic.

559 3267 715 3334 (Blyssem's
733 3267 834 3332 Hand.)

661 3491 735 3557 467.

97 3648 201 3730 Popst
216 3648 329 3714 sutus
345 3647 380 3713 V.
397 3649 543 3730 beetdtipt
566 3647 617 3712 die
630 3647 778 3731 Stiftrmp
800 3647 856 3712 der
872 3645 1066 3715 Universitcit
1080 3645 1177 3714 Grae.
1201 3647 1292 3729 Rosa,

550 3755 637 3817 1586
658 3751 792 3816 Junuor
813 3758 844 3817 1.

96 3891 188 3956 (Gedr.
214 3892 282 3941 nach
309 3891 357 3942 der
383 3907 436 3942 von
463 3891 685 3942 Kaltenbrunner
712 3892 740 3941 in
767 3889 835 3941 Rom
862 3890 1059 3957 sngefertigten
1086 3891 1223 3942 Abscbrift
1250 3893 1294 3944 bei

274 3977 424 4041 alirunas,
443 3977 538 4029 (iareb.
551 3977 599 4029 der
617 3980 717 4031 Granor
734 3978 910 4042 Unicersitbt,
929 3977 954 4028 S.
968 3975 1126 4043 605-609.)

202 4132 467 4198 Kaltenbrunner
496 4132 563 4197 und
595 4131 646 4197 die
669 4131 902 4218 Herausgober
932 4131 1091 4218 (Peinlich
1113 4135 1157 4198 im
1179 4133 1292 4216 Progr.

96 4237 156 4302 des
179 4237 410 4323 Gymnasiums
440 4261 482 4302 zu
504 4236 592 4301 Grau
617 4236 712 4320 1869,
734 4237 766 4302 S.
785 4236 826 4300 29
848 4235 916 4300 und
941 4258 971 4300 v.
995 4237 1133 4320 Kranae,
1163 4234 1292 4315 Gesch„

97 4341 157 4406 der
171 4341 371 4440 universim
386 4340 482 4424 Grau,
507 4341 527 4406 l.
543 4340 586 4427 c.)
610 4339 717 4405 haben
739 4338 932 4423 ubersehen,
956 4339 1031 4406 dass
1047 4340 1099 4405 dio
1115 4362 1179 4404 von
1196 4341 1292 4404 ihnen

134 4579 149 4602 ⁸
165 4567 257 4618 Fshlt.
