3100 5025
265 306 328 374 722

263 498 488 582 carcerandos,
505 498 655 585 quodque
670 500 803 584 gravius
825 498 904 582 fero,
928 497 1004 564 ΟΜ111
1019 499 1060 566 V.
1076 501 1122 564 sic
1146 500 1263 562 sentire
1278 499 1458 582 principem

262 607 295 670 in
318 605 462 670 favorem
484 602 646 689 religionis
667 603 765 668 rebus
789 606 834 668 sic
858 625 892 668 se
915 603 1110 668 habentibus
1140 600 1261 687 aliquid
1290 610 1457 686 praestare

262 731 328 774 non
357 729 462 795 posse,
493 717 690 794 quapropter
720 709 809 793 prius
840 707 882 771 de
905 705 1099 792 imponendo
1129 705 1290 791 pracsidio
1319 713 1458 768 tractan-

264 812 342 876 dum
371 834 411 876 ac
441 814 570 878 interim
599 812 653 877 vel
682 811 915 898 aliquantulum
945 811 988 876 ab
1011 813 1140 896 incepto
1163 811 1290 895 negotio
1313 810 1382 874 fore
1406 807 1459 872 dc·

263 916 441 982 sistendum
462 917 516 982 vel
536 916 653 1002 frigide
675 916 946 1002 promovendum:
978 913 1021 980 ad
1045 936 1129 1000 quac
1151 915 1267 996 omnia,
1291 933 1366 978 cum
1381 935 1457 977 non-

263 1021 341 1086 nulli
349 1043 387 1085 so
399 1021 543 1105 tendant,
553 1030 629 1086 utet
637 1019 688 1086 0¹²¹
700 1020 740 1086 V.
749 1020 853 1086 verba
864 1020 940 1104 (sic)
951 1030 984 1083 et
994 1021 1120 1104 negotio
1129 1018 1238 1083 dilatio
1247 1016 1458 1102 det(egatu)r,

264 1128 374 1210 sicque
404 1125 445 1190 V.
467 1124 517 1209 0⁰,
548 1128 575 1189 si
605 1145 684 1189 casu
714 1147 826 1190 eorum
856 1124 995 1188 consiliis
1025 1130 1192 1205 annueret,
1220 1119 1458 1207 quodammodo

263 1230 332 1293 iure
355 1239 512 1312 teneatur,
540 1231 718 1315 principem
742 1227 830 1313 apud
853 1249 963 1292 omnes
985 1229 1148 1312 principes
1170 1247 1345 1305 excusare,
1369 1223 1457 1310 quod

264 1335 290 1397 si
313 1355 372 1418 pro
395 1355 453 1396 sua
475 1332 649 1418 prudentia
670 1355 712 1397 ac
734 1334 853 1418 pietate
877 1353 940 1396 non
964 1332 1088 1414 fecerit,
1111 1331 1171 1416 ipsi
1193 1331 1235 1394 V.
1251 1327 1302 1396 0¹¹³
1316 1331 1395 1394 satis
1413 1327 1458 1412 (l)

263 1437 325 1502 hoc
355 1447 520 1523 praestare
548 1458 613 1501 non
647 1435 803 1502 desinent.
849 1434 929 1500 Ideo
958 1437 1081 1500 ratione
1112 1434 1208 1499 officii
1239 1436 1303 1499 mci
1338 1432 1389 1497 Oui
1418 1433 1459 1497 V.

264 1543 399 1625 sincere,
423 1539 562 1606 candide
585 1563 625 1605 ac
647 1538 809 1605 humiliter
832 1539 1014 1625 significare
1034 1539 1130 1622 volui,
1155 1561 1195 1602 ne
1212 1537 1290 1624 quid
1304 1538 1337 1600 in
1354 1536 1460 1600 huius

264 1645 351 1710 modi
373 1647 499 1728 negotio
523 1646 592 1708 sine
615 1666 687 1709 meo
709 1646 872 1729 praescitu
888 1653 1029 1708 statuere
1045 1642 1206 1729 dignetur,
1231 1663 1304 1705 cum
1324 1663 1378 1705 res
1393 1650 1460 1704 tota

267 1771 310 1814 ex
333 1771 413 1813 vera
434 1747 488 1814 vel
510 1748 591 1813 falsa
612 1748 766 1813 relatione
778 1748 940 1835 pendeat.
959 1801 965 1814 .
984 1799 1016 1814 ..

370 1853 405 1920 S.
422 1851 458 1918 C.
476 1875 507 1918 v.
524 1852 706 1918 humilimus
731 1851 809 1940 (sic)
835 1851 1020 1938 capellanus
1044 1863 1076 1916 et
1098 1853 1242 1916 servitor.

954 1974 1168 2040 Germanicus
1191 1970 1415 2059 M(alaspina).

749 2097 839 2165 (ohne
857 2095 977 2162 natum.)

367 2219 424 2271 Das
442 2221 542 2271 Datum
560 2234 608 2271 aus
626 2217 674 2268 der
691 2216 775 2269 Stella
794 2223 896 2282 ,contra
914 2223 1062 2269 carceratos
1080 2219 1161 2268 cives‘
1180 2215 1343 2267 ersichtlich.

828 2441 902 2507 579.

265 2580 334 2647 Der
349 2544 495 2648 Nuntius
509 2582 700 2664 Maloapiaa
721 2603 766 2646 aa
781 2581 905 2665 Herrop
921 2580 1080 2648 Wilbelrn:
1102 2581 1200 2649 Uebcr
1215 2583 1267 2649 die
1280 2582 1461 2665 Relipr'oas·

587 2687 679 2753 sacbe
700 2689 736 2752 in
759 2686 858 2753 Grae.
893 2685 980 2753 otae
1001 2686 1134 2753 Datum.

686 2818 779 2884 (Orig,
798 2818 873 2871 R.·A.
887 2817 1043 2884 Mttnchen.)

368 2956 422 3019 Ex
444 2954 556 3020 litteris
579 2954 641 3020 0¹²³·
655 2956 695 3020 V.
713 2958 789 3020 satis
812 2967 935 3042 aparet,
959 2979 1042 3043 quae
1065 2978 1123 3043 pro
1145 2978 1205 3021 sua
1225 2955 1381 3042 singulari
1396 2960 1461 3044 pie

264 3068 329 3124 tate
352 3059 475 3125 etzelo
499 3082 577 3145 erga
606 3058 793 3144 religionem
824 3060 1014 3125 catholicam
1041 3063 1143 3146 egerit
1165 3084 1239 3126 eum
1263 3061 1359 3126 Scr¹³⁰
1381 3064 1461 3126 arci-

264 3164 350 3228 'duce
373 3163 463 3249 (sic),
484 3162 525 3227 de
548 3163 665 3250 quibus
688 3188 748 3251 ego
772 3163 941 3251 diligenter
963 3165 995 3231 S.
1013 3165 1116 3231 Ser‘lm
1139 3168 1307 3230 certiorem
1329 3165 1461 3249 faciam,

266 3266 306 3332 de
330 3268 469 3353 reliquis,
493 3278 661 3354 postquam
685 3269 823 3333 arcidux
847 3270 915 3334 vult
937 3272 1065 3333 omnino
1087 3273 1251 3355 negotium
1274 3269 1406 3355 diferrc,
1435 3271 1462 3334 si

264 3372 392 3436 monitis
415 3372 455 3436 V.
473 3369 561 3436 Seru·
583 3372 683 3436 noluit
705 3375 923 3458 acquiescere,
955 3376 1022 3438 sine
1046 3372 1143 3437 dubio
1167 3396 1227 3439 nec
1250 3376 1331 3438 meis
1358 3376 1462 3460 preci-

265 3474 327 3539 bus
350 3478 523 3561 quicquam
547 3476 677 3539 efficere
700 3498 837 3561 possem.
884 3476 980 3557 Quod
1010 3476 1051 3541 ad
1082 3498 1135 3541 me
1158 3479 1280 3560 attinet,
1305 3499 1366 3562 ego
1390 3478 1463 3543 heri

264 3576 315 3645 0¹¹¹
332 3580 372 3645 V.
389 3581 464 3643 satis
487 3578 619 3643 abunde
639 3580 829 3663 significavi,
853 3602 917 3667 qua
932 3583 1054 3645 ratione
1069 3590 1174 3645 motus
1190 3580 1359 3646 archiduci
1373 3604 1463 3647 men·

264 3690 330 3746 tem
359 3704 464 3747 meam
495 3684 582 3746 circa
612 3680 797 3748 dilationem
819 3692 931 3769 aperte
955 3706 1018 3749 non
1042 3684 1287 3750 declaraverim.
1328 3686 1463 3773 Ignora-

263 3785 341 3849 bam
364 3787 459 3866 enim,
491 3786 593 3871 qualis
621 3796 706 3850 esset
735 3788 882 3853 voluntas
906 3786 996 3853 Sertiu
1011 3788 1062 3874 V,
1086 3788 1143 3854 sed
1168 3792 1274 3853 statim
1296 3789 1464 3855 intellecta

265 3895 372 3950 mente
396 3884 458 3950 0¹¹³·
472 3886 512 3953 V.
537 3912 589 3953 me
620 3889 783 3955 declaravi
814 3901 846 3957 et
875 3892 982 3957 adhuc
1012 3916 1063 3957 me
1096 3892 1269 3958 declarabo
1292 3893 1368 3959 licet
1391 3896 1464 3959 sine

264 3990 381 4053 fructu.
400 4041 407 4053 .
425 4040 456 4055 ..

546 4078 729 4145 humilimus
753 4085 889 4148 servitor
911 4095 944 4149 et
967 4084 1174 4171 cappellanus

988 4204 1200 4272 Germanicus
1222 4206 1416 4294 Malaspina

828 4326 901 4391 580.

220 4463 230 4475 '
265 4454 389 4541 Heraop
411 4458 557 4523 declm
579 4464 752 4527 ausciaco
768 4464 912 4529 Kaualer
925 4459 1011 4551 (Dr.
1028 4466 1266 4553 Blacciacum:
1302 4468 1351 4535 Er
1373 4478 1470 4556 mdpe

267 4558 327 4621 dos
349 4560 521 4623 Memorio!
543 4561 619 4623 uber
641 4564 692 4625 die
714 4566 1148 4655 Relipicuscupclepculrea'tcn
1162 4572 1343 4657 Erebersop
1357 4574 1471 4643 Karls
