3100 5025
1255 305 1295 374 19

96 497 191 562 cuius
213 495 285 562 loco
307 495 370 562 hoo
392 498 499 583 posuit
518 519 554 562 se
577 520 648 564 eam
673 496 879 584 parrochiam
902 499 971 563 viro
994 499 1027 564 in
1050 521 1108 563 sua
1130 499 1295 586 religione,

94 600 158 666 hoc
183 611 241 684 est,
264 604 298 666 in
315 601 515 668 confessione
530 601 724 687 Augustaua
738 601 840 688 probo
857 603 1039 680 contulisse,
1062 605 1096 668 in
1111 625 1175 690 quo
1190 605 1295 669 existi·

96 715 165 770 met
185 705 220 772 S.
236 705 342 771 seren
361 705 440 770 nihil
458 707 627 790 offensam,
650 705 808 792 siquidem
833 708 1014 792 promiserit
1036 706 1296 792 provincialibus,

98 808 188 894 quod
226 812 366 895 patietur
402 832 456 875 eos
492 812 604 876 vivere
640 813 732 875 iuxta
769 812 917 896 propriae
955 813 1170 876 conscientiae
1206 833 1296 898 prae-

98 916 266 999 scriptum.
311 913 367 979 Ad
396 914 479 980 haec
507 914 541 981 S.
568 915 664 981 Sere·
690 917 814 1002 quievit
844 937 918 980 cum
948 916 1041 1000 gravi
1071 915 1188 981 damno
1213 915 1296 981 illius

98 1018 301 1102 parrochiae,
326 1041 410 1105 quae
432 1021 498 1084 iam
519 1028 585 1084 tota
607 1021 641 1084 in
663 1019 823 1086 haeresim
846 1019 997 1106 prolapsa
1020 1028 1077 1085 est.

204 1122 290 1189 Cum
312 1145 356 1188 ex
378 1126 550 1210 provinciis
566 1123 704 1211 Styriae,
720 1123 907 1190 Corinthiae
923 1134 955 1189 et
971 1123 1139 1190 Oarniolae
1159 1147 1296 1211 magnae

100 1229 273 1312 quotannis
295 1229 453 1314 pecuniae
476 1231 645 1314 capiantur
666 1238 735 1294 tum
757 1252 800 1294 cx
827 1229 942 1294 steuris
965 1237 1033 1294 tum
1056 1230 1154 1294 etiam
1170 1249 1212 1293 ex
1227 1227 1297 1294 aliis

99 1331 369 1418 impositionibus,
392 1355 472 1419 quas
495 1333 609 1419 prelati
631 1331 756 1399 nobiles
780 1342 812 1398 et
834 1332 887 1398 alii
902 1331 1064 1398 seculares
1080 1332 1296 1416 contribuunt,

99 1457 155 1501 eas
186 1436 245 1502 soli
276 1437 490 1523 provinciales
521 1438 675 1522 colligunt
705 1461 745 1503 ao
776 1461 835 1524 pro
858 1437 990 1504 arbitrio
1013 1460 1070 1503 suo
1094 1437 1297 1524 dispensant3

99 1562 163 1604 nec
174 1540 259 1606 ullus
272 1540 460 1627 adiungitur
475 1565 518 1608 cx
533 1552 626 1630 parte
638 1541 730 1610 seru
738 1541 923 1608 archiducis
938 1565 1044 1629 neque
1060 1541 1180 1607 ordinis
1196 1541 1297 1607 eccle·
1356 1587 1359 1592 ι

101 1646 231 1728 siasfici,
268 1669 343 1712 cum
373 1657 482 1714 tamen
512 1648 647 1734 praelati
678 1649 836 1733 petierint,
868 1670 966 1712 unum
997 1645 1086 1713 Sermi
1113 1644 1298 1713 archiducis

101 1751 232 1814 nomine
255 1759 288 1814 et
309 1749 447 1816 alterum
470 1774 512 1817 ex
536 1751 649 1817 ordine
672 1775 730 1817 suo
752 1751 797 1817 ad
819 1751 1039 1816 collectionem
1062 1761 1094 1816 et
1123 1749 1299 1837 dispositio
1393 1777 1394 1782 ¹

101 1875 177 1919 uem
199 1853 441 1940 praedictarum
463 1859 675 1942 pecuniarum
698 1858 795 1922 etiarn
818 1854 977 1938 adhiberi,
1001 1877 1084 1941 quae
1113 1857 1224 1921 maiori
1255 1877 1298 1919 ex

102 1967 195 2042 parte
218 1958 263 2024 ab
278 1958 390 2026 ordine
405 1960 623 2028 ecclesiastico
639 1971 672 2026 et
686 1985 707 2027 a
721 1961 754 2026 S.
771 1958 861 2026 Ser&
877 1959 1012 2026 subditis
1035 1961 1177 2024 veniunt.
1212 1959 1299 2024 Hinc

100 2063 318 2146 provinciales
349 2064 524 2151 superbam
554 2065 687 2132 domum
720 2067 844 2132 Grastii
872 2073 1048 2130 erexerunt
1075 2074 1107 2129 et
1129 2062 1299 2147 collegium

101 2187 141 2231 ac
172 2166 302 2232 scholas
331 2169 511 2236 haereticas
542 2195 562 2236 a
590 2169 808 2236 fundamentis
838 2169 1061 2252 aedificarunt,
1084 2167 1298 2234 aemulatione

101 2269 192 2336 Serri
212 2270 397 2338 archiducis
418 2273 517 2359 ducti,
545 2277 600 2362 qui
621 2275 767 2361 patribus
790 2275 951 2340 societatis
970 2273 1052 2340 Jesu
1075 2272 1242 2359 collegium
1267 2280 1300 2337 et

102 2375 230 2441 scholas
260 2377 434 2444 catholicas
464 2382 544 2466 erigi
573 2381 732 2445 curavit¹
778 2379 864 2445 Hinc
896 2377 1122 2465 praedicantes
1156 2385 1188 2442 et
1219 2375 1298 2442 ludi·

102 2483 273 2566 magirsos
294 2480 474 2550 haereticos
496 2485 669 2571 magnifice
691 2483 782 2551 alunt
803 2507 842 2549 ac
866 2505 1070 2551 numerosam
1099 2485 1298 2549 iuventutem

102 2584 232 2652 haeresi
253 2587 461 2656 imbuendam
484 2613 524 2655 ac
547 2589 791 2677 depravandam
813 2590 920 2655 multis
942 2591 1094 2676 impensis
1109 2597 1298 2654 sustentant

102 2690 190 2756 Hinc
215 2694 310 2758 etiam
331 2716 410 2759 suae
431 2694 556 2760 farinae
578 2694 724 2759 homines
740 2695 888 2759 emeritos
905 2702 938 2758 et
951 2715 1031 2779 quos
1048 2692 1159 2759 volunt
1173 2694 1299 2779 magnis

103 2798 257 2880 praemiis
278 2796 425 2864 afficiunt
445 2808 543 2885 atquc
566 2800 681 2863 annuis
700 2797 908 2884 pensionibus
924 2797 1055 2864 donant.
1085 2797 1177 2877 Quae
1194 2797 1300 2862 omnia

104 2899 200 2965 Sermo
223 2900 399 2968 archiduce
429 2904 528 2969 inscio
558 2904 648 2986 fiunt,
679 2906 724 2968 ita
751 2913 786 2968 ut
816 2904 885 2989 ipse
912 2924 1041 2988 semper
1067 2904 1238 2988 pauperior
1260 2922 1300 2966 ac

105 3002 243 3071 debilior
265 3016 297 3071 et
318 3006 362 3071 illi
385 3030 460 3073 curn
482 3009 548 3072 suis
569 3010 603 3072 iu
626 3006 695 3072 dies
718 3006 849 3071 ditiores
871 3029 911 3072 ac
933 3008 1127 3093 potentiores
1147 3005 1299 3071 evadant.

106 3108 218 3189 Quare
240 3121 350 3176 esseut
370 3111 431 3176 illis
454 3112 517 3178 duo
539 3111 593 3177 alii
616 3111 764 3188 catholici
786 3110 995 3198 adiungendi,
1018 3132 1101 3177 unus
1124 3133 1181 3197 pro
1205 3109 1300 3175 Ser¹¹¹⁰

107 3214 283 3280 archiduce
305 3225 340 3281 et
361 3215 442 3281 alter
464 3218 592 3282 nomine
616 3215 703 3281 cleri.

210 3318 295 3386 Oum
315 3320 529 3406 provinciales
551 3322 761 3407 imposuerint
775 3319 923 3385 omnibus
939 3330 1062 3385 certam
1077 3328 1189 3384 texam
1203 3340 1301 3405 super

108 3426 262 3508 personis,
284 3445 349 3489 non
364 3424 468 3490 solum
485 3424 530 3489 ad
551 3446 663 3490 omnes
687 3426 783 3491 etiam
806 3422 967 3511 praelatos
991 3423 1218 3508 extenderunt,
1242 3422 1300 3488 sed

110 3526 150 3591 ad
171 3528 206 3593 S.
226 3528 333 3593 Sep„
353 3550 492 3615 quoque,
514 3530 559 3594 ita
582 3538 617 3593 ut
639 3538 769 3594 eentum
792 3528 930 3594 florenos
953 3530 986 3593 in
1008 3527 1150 3614 singulos
1172 3550 1301 3594 menses

110 3654 165 3717 pro
187 3654 249 3697 sua
270 3655 409 3719 persona
431 3633 510 3698 dare
533 3642 687 3719 oporteat.
733 3633 827 3713 Quae
849 3634 987 3719 pecunia
1010 3654 1084 3697 cum
1106 3634 1140 3696 in
1161 3632 1301 3719 quadam

112 3758 186 3801 arca
213 3736 324 3802 clausa
353 3736 414 3802 snb
444 3736 604 3803 nonnullis
635 3736 781 3803 clavibus
811 3746 1006 3822 asservetur,
1034 3736 1165 3801 luerunt
1193 3736 1301 3802 claves

112 3861 220 3906 omnes
234 3843 318 3907 inter
337 3842 550 3928 provinciales
573 3841 771 3908 distributae.
797 3840 871 3923 Qua
886 3843 919 3907 in
934 3863 969 3906 re
985 3864 1060 3907 cum
1076 3838 1184 3906 seru·
1201 3840 1302 3906 arohi-

153 4065 164 4097 ¹
179 4070 231 4120 Die
249 4069 413 4136 Erriohtnng
434 4051 481 4121 dor
498 4070 667 4122 Stittsschule
686 4069 777 4138 (1668)
801 4068 917 4136 paschali
941 4069 1025 4120 sehon
1047 4069 1136 4134 einige
1154 4067 1238 4120 Jahre
1256 4084 1304 4119 vor

180 4156 412 4224 osrmnuhmng
432 4157 479 4209 dar
494 4158 628 4209 deunitan.
663 4158 701 4209 Es
723 4159 758 4208 ist
780 4171 849 4223 gons
871 4156 964 4217 talsch‚
987 4171 1066 4207 vsnn
1082 4154 1216 4207 Rosolsns
1236 4161 1303 4221 sigi,

178 4243 221 4294 die
239 4243 339 4296 Stlnds
357 4244 449 4295 httten
467 4245 511 4296 dis
529 4245 718 4297 Abvasonhsit
733 4244 886 4311 Erahersog
899 4242 977 4295 Ksrls
995 4244 1024 4293 in
1037 4242 1156 4309 Spanisn
1169 4240 1249 4308 (1568
1262 4242 1303 4293 bis

181 4331 259 4397 1569)
281 4331 350 4383 darn
371 4332 491 4395 bendtat,
512 4350 558 4385 um
581 4332 640 4383 ihre
662 4332 762 4384 Subulo
785 4332 861 4383 rssch
884 4331 1078 4383 sussurichten.
1115 4330 1141 4382 S.
1163 4331 1230 4381 tlbsr
1252 4330 1303 4379 den

178 4418 290 4471 Ankauf
303 4420 350 4472 des
367 4420 636 4488 ,Egkenpsrg'soheu‘
655 4418 747 4471 seinos
764 4420 873 4470 meiuen
884 4418 994 4470 Autsstz
1014 4418 1175 4483 ,Ershorzog
1188 4416 1254 4467 Karl
1267 4416 1303 4467 11.

179 4505 233 4557 und
253 4506 298 4557 dis
315 4507 403 4574 Frage
424 4507 472 4559 dar
488 4508 650 4575 Errichtnug
672 4508 746 4559 eines
768 4506 965 4558 Klostsrrathes
988 4506 1031 4556 fur
1053 4501 1303 4563 Inuerosterraich‘,

179 4592 277 4645 Archiv
295 4594 339 4646 fflr
356 4600 447 4647 uren.
466 4594 561 4648 Gesob
580 4596 623 4660 84,
642 4595 684 4646 bl.
