3100 5025
339 495 432 580 Item,
462 495 550 582 quod
577 498 610 562 in
642 495 836 582 supradictis
865 483 1048 584 penultimis
1079 501 1214 564 comitiis
1238 499 1432 586 Muraepon·

235 602 318 664 tanis
341 599 427 665 idem
450 599 602 665 militibus
627 623 815 667 concessum
838 604 886 687 sit,
910 602 955 666 illi
979 602 1130 668 etiamid
1153 603 1276 669 faciunt
1302 627 1366 669 non
1397 608 1431 670 in

235 704 313 768 locis
340 703 435 769 modo
464 704 692 770 catholicorum
722 729 838 770 verum
869 708 965 771 etiam
994 710 1028 770 in
1059 707 1202 772 ecclesiis
1234 711 1375 794 ipsorum
1398 711 1432 773 vi

236 806 389 892 adhibita,
413 817 449 873 ut
470 831 574 894 nuper
597 811 630 874 in
652 808 770 895 oppido
794 809 1008 896 Rockespurg
1033 810 1109 895 (sic)
1134 811 1255 876 factum
1279 821 1336 877 est.

285 915 290 924 “
339 913 431 995 Item,
455 916 488 977 iu
501 915 644 978 'comitiis
667 913 785 978 ultimis
801 914 1065 1000 Muraepontanis
1088 915 1281 1002 supradictis
1304 919 1432 1003 provin·

237 1016 334 1081 ciales
350 1016 411 1081 sub
426 1039 464 1082 eo
485 1026 657 1102 praetextu
678 1019 743 1082 iam
765 1017 862 1101 dicto,
886 1018 972 1104 quod
995 1022 1117 1104 possint
1140 1019 1260 1085 habere
1283 1020 1373 1106 apud
1396 1044 1431 1086 se

237 1121 494 1185 concionatorem
528 1120 727 1186 haereticum
758 1133 791 1186 et
821 1123 1054 1186 confessionem
1084 1123 1311 1209 Augustanam
1339 1148 1432 1189 exer·

237 1247 321 1306 cere,
346 1247 547 1310 synagogam
570 1248 663 1291 suam
685 1225 870 1291 habuerunt
890 1228 922 1291 in
945 1225 1039 1291 domo
1060 1231 1210 1314 contigua
1225 1229 1344 1315 templo
1360 1253 1432 1315 par-

236 1327 379 1413 rochiali,
402 1331 435 1393 iu
458 1351 520 1415 qno
543 1330 652 1395 serre
668 1329 829 1394 archidux
858 1339 889 1394 et
916 1329 1065 1396 catholici
1089 1354 1182 1396 sacra
1204 1344 1236 1397 et
1259 1336 1432 1399 conciones

236 1431 412 1498 audiebant
441 1444 474 1497 et
501 1456 538 1498 eo
568 1432 725 1498 audaciae
755 1456 795 1498 ac
824 1437 1013 1498 temeritatis
1044 1439 1187 1520 provecti
1220 1447 1303 1521 sunt,
1334 1449 1432 1504 uteo

236 1539 305 1622 ipso
328 1547 482 1623 tempore,
513 1560 576 1624 quo
599 1537 707 1603 Ser-'¹¹⁰⁸
731 1537 892 1603 archidux
923 1541 1024 1604 sacris
1052 1551 1084 1604 et
1107 1543 1314 1606 concionibus
1336 1545 1432 1608 inter-

237 1649 315 1725 erat,
344 1642 441 1706 etiam
468 1643 529 1728 ipsi
552 1644 772 1707 caeremonias
795 1665 870 1708 suas
892 1643 1076 1708 factitarent
1098 1656 1130 1710 et
1153 1645 1333 1711 haereticas
1357 1669 1432 1712 can-

236 1747 338 1810 tiones
369 1755 519 1811 contenta
549 1769 629 1812 voce
653 1749 861 1812 concinerent
882 1771 946 1813 non
969 1748 1071 1814 solum
1094 1752 1126 1814 in
1149 1759 1369 1836 contemptum
1392 1773 1433 1816 ac

237 1849 426 1936 despectum
457 1850 614 1915 ecclesiae
646 1850 823 1916 catholicae
855 1874 968 1917 verum
999 1855 1094 1917 etiam
1124 1853 1167 1918 ad
1190 1854 1433 1940 impediendam

236 1953 269 2019 S.
287 1953 390 2020 Serttln
406 1964 439 2020 et
462 1953 540 2019 alios
563 1954 737 2020 catholicos
759 1958 793 2020 in
815 1954 934 2042 templo
956 1957 1149 2041 parrochiali
1172 1968 1324 2043 astantes,
1356 1981 1432 2046 qno·

236 2059 341 2124 minus
372 2061 629 2124 concionatorem
660 2058 773 2124 andire
805 2069 945 2145 possent,
977 2083 1051 2125 cum
1078 2083 1196 2147 magna
1219 2061 1433 2128 admiratione

235 2173 268 2228 et
291 2162 445 2229 scandalo
467 2163 577 2249 populi
599 2166 808 2248 praesentis.¹

340 2268 442 2332 Immo
472 2269 505 2332 in
538 2268 652 2333 iisdem
683 2270 818 2333 comitiis
847 2290 912 2332 non
941 2271 1082 2335 contenti
1110 2271 1302 2355 supradictis
1327 2283 1433 2338 extor-

237 2371 388 2459 sionibus·
401 2381 525 2438 tantum
549 2375 645 2438 etiam
667 2372 865 2457 laborarunt,
889 2374 975 2459 quod
998 2399 1018 2438 a
1041 2375 1073 2440 S.
1092 2375 1174 2441 seru
1196 2375 1302 2443 denuo
1326 2389 1433 2444 extor

236 2486 347 2541 serunt
376 2486 411 2541 nt
440 2475 501 2542 illis
531 2479 564 2542 in
592 2500 701 2544 eorum
726 2500 862 2544 erronea
889 2480 1035 2565 opinione
1059 2481 1174 2544 animis
1197 2480 1364 2547 obduratis
1387 2483 1433 2548 in-

236 2580 397 2645 mobiliter
418 2582 663 2667 persistentibus
690 2584 881 2668 promiserit,
912 2582 999 2668 quod
1033 2586 1065 2647 in
1100 2582 1187 2648 dicta
1217 2606 1327 2651 eorum
1359 2608 1433 2651 con·

238 2684 378 2749 sessione
393 2684 462 2749 illos
486 2685 710 2750 molestaturus
733 2708 797 2750 non
821 2688 861 2750 sit
883 2686 941 2750 sed
965 2686 1140 2752 clementer
1163 2698 1297 2753 eatenus
1319 2688 1434 2755 tolera·

238 2799 339 2871 turus,
371 2799 530 2874 qnatenus
560 2812 630 2854 sese
661 2788 807 2855 modeste
830 2802 863 2855 et
886 2789 993 2855 debite
1021 2794 1180 2877 gesserint
1202 2794 1359 2879 Deusque
1390 2793 1432 2858 de

238 2891 299 2956 alio
328 2891 424 2957 modo
453 2893 687 2979 prospexerit,’
716 2895 761 2958 ita
791 2908 899 2959 tamen
923 2904 958 2959 ut
979 2894 1021 2959 ab
1045 2918 1084 2959 ea
1103 2918 1139 2959 re
1159 2918 1271 2961 omnes
1292 2896 1325 2962 S.
1342 2896 1433 2963 Seriis

240 2998 393 3080 civitates,
417 2999 524 3061 omnia
540 2996 668 3083 oppida,
693 3008 800 3063 castra
823 3008 855 3063 et
877 2999 982 3081 villae,
1007 2998 1144 3086 demptis
1161 3000 1284 3085 Gratis,
1308 3000 1433 3067 Judcn-

239 3098 353 3185 burgo,
377 3099 566 3186 Clagenfurt
593 3111 627 3166 et
648 3101 782 3167 Labaco
815 3102 922 3188 quoad
951 3104 1037 3188 ipsos
1065 3104 1283 3189 provinciales
1315 3115 1347 3170 et
1377 3128 1433 3171 no

238 3204 319 3269 biles
350 3227 525 3292 eorumque
560 3208 731 3271 attinentes
764 3206 885 3291 ibidem
918 3216 1080 3271 morantes
1113 3218 1238 3273 tantum
1272 3212 1432 3275 immunes

239 3310 312 3393 sint,
347 3309 473 3396 sibique
505 3313 538 3375 in
567 3313 644 3397 ipsis
674 3311 836 3396 religionis
859 3332 937 3375 snae
961 3309 1139 3376 catholicae
1162 3313 1346 3378 omnimoda
1369 3313 1432 3379 dis·

238 3416 350 3498 positio
374 3424 535 3499 competat
556 3436 596 3478 ac
618 3414 710 3479 salva
731 3424 929 3501 permaneat,
953 3416 1118 3501 signanter
1137 3415 1248 3481 itidem
1263 3418 1431 3503 excipiens

239 3538 277 3580 ac
309 3516 370 3581 sibi
399 3516 580 3601 adiungens
607 3539 717 3582 omnes
740 3516 921 3603 spirituales
945 3528 977 3581 et
1000 3518 1161 3583 seculares
1184 3542 1262 3585 suae
1285 3521 1433 3607 religioni

239 3691 445 3700 mu...-

308 3794 376 3847 alles
395 3795 442 3845 der
460 3793 568 3846 rechten
586 3794 671 3861 gebilr
693 3795 761 3845 nach
786 3794 876 3847 hulten
901 3797 974 3847 will‘
1010 3797 1037 3848 J.
1059 3797 1181 3859 hasarth,
1209 3800 1269 3859 ,Die
1291 3802 1433 3861 ateirische

308 3881 634 3948 Religionspacifieanon‘,
652 3882 677 3932 S.
691 3884 733 3933 90.

280 3967 290 3999 ¹
308 3969 446 4020 derend
458 3968 505 4019 der
514 3969 628 4035 Tagnug
639 3985 709 4020 auno
723 3971 790 4021 tots
803 3970 896 4021 hatten
908 3970 952 4021 dis
962 3970 1145 4022 Verordneten
1157 3988 1211 4023 von
1223 3972 1387 4027 Steie'rmarlr
1399 4004 1431 4013 -

307 4058 347 4107 sie
364 4056 483 4107 dankteu
501 4056 549 4106 ibn
567 4055 627 4107 dem
645 4057 733 4109 Rathe
749 4056 887 4107 Amman’s
909 4086 935 4093 —
956 4057 1008 4107 den
1021 4059 1140 4109 Veraucb
1159 4061 1291 4125 gemacht,
1313 4062 1382 4112 auch
1403 4066 1432 4114 in

309 4144 397 4193 Bruclr
420 4144 500 4194 sinen
519 4144 697 4195 Prsdieantau
720 4146 842 4209 amissig
864 4160 897 4193 zu
921 4144 1043 4195 macheu.
1080 4146 1133 4195 Das
1157 4162 1213 4197 war
1234 4149 1295 4199 eins
1314 4148 1361 4198 dar
1379 4150 1430 4200 Ur-

307 4231 415 4290 sacbcn,
438 4230 555 4281 uesbalb
578 4233 647 4283 eben
670 4231 719 4282 ani
739 4231 839 4281 diesem
857 4230 997 4296 Landtage
1019 4231 1063 4282 die
1084 4232 1234 4284 kirchliclre
1257 4234 1344 4301 braga
1369 4238 1432 4287 eine

307 4334 335 4368 so
353 4332 443 4383 gruem
461 4318 620 4382 Bedentung
637 4317 767 4383 erlangte.

279 4402 290 4433 ¹
308 4406 405 4455 Lautet
424 4406 451 4453 in
469 4405 517 4455 der
535 4404 706 4455 Pacification
726 4411 808 4455 etwas
826 4405 929 4455 andere.
968 4405 1021 4453 Der
1039 4405 1114 4455 Sata:
1139 4414 1281 4470 ,quatenns
1299 4424 1358 4458 sese
1377 4426 1430 4459 mo-

308 4492 381 4542 deste
399 4496 427 4541 et
444 4491 534 4542 debite
551 4493 689 4556 gesserint‘
709 4494 743 4541 ist
760 4490 877 4541 niimlich
897 4506 945 4539 aus
963 4490 1014 4540 den
1034 4491 1263 4560 Verbaudlnngen
1287 4511 1339 4545 von
1363 4497 1431 4547 1572

305 4593 473 4646 genommen.
