3100 5025
255 259 321 324 254

256 470 425 535 possemus
448 458 481 513 et
502 457 634 512 econtra
656 470 789 534 sperare
811 447 904 512 nohis
926 447 1030 533 liceat,
1054 449 1081 511 si
1102 447 1264 512 Austriaci
1286 446 1331 512 ad
1352 446 1460 512 bonas

257 563 290 619 et
311 553 497 619 tolerabiles
521 552 720 618 conditiones
742 552 956 636 adducentur,
987 551 1045 616 hos
1076 560 1200 616 nostros
1231 573 1359 637 quoque
1391 573 1459 616 am·

256 660 340 744 plius
361 658 456 724 nobis
479 680 689 723 concessuros
711 668 745 723 et
759 658 791 724 S.
806 656 885 723 Serti
902 659 1076 744 morigeros
1090 657 1223 723 futuros.
1253 656 1350 737 Quod
1367 666 1459 720 certe

256 786 321 828 nou
343 764 499 847 facerent,
521 765 549 828 si
570 765 658 850 ipsos
680 762 869 828 Austriacos
891 785 912 826 ι
933 761 1079 849 partibus
1098 765 1164 826 suis
1179 761 1337 826 heberent
1352 770 1387 826 et
1402 782 1459 825 eos

256 890 313 931 suo
336 867 505 931 archiduci
528 866 649 933 ibidem
672 866 826 932 adversos
849 890 888 931 ac
911 865 1133 931 inobedientes
1156 887 1228 931 esse
1250 867 1381 930 seirent.

359 973 489 1037 Interea
519 981 628 1057 posset
658 971 691 1037 S.
715 972 810 1037 Ser²⁸⁸
829 975 954 1036 'statum
984 973 1102 1056 negotii
1133 992 1206 1034 cum
1235 968 1268 1034 S.
1292 968 1348 1052 St,
1382 991 1458 1033 cum

256 1076 293 1142 (l.
309 1076 368 1141 Μῒο
390 1099 430 1140 ιο
453 1075 523 1141 aliis
546 1076 608 1140 sibi
632 1075 869 1141 confidentibus
893 1077 1131 1140 communicare
1154 1083 1187 1140 et
1207 1083 1320 1160 postea
1343 1095 1458 1138 eorum

256 1181 386 1245 consilio
420 1203 460 1245 ιο
492 1191 566 1246 voto
600 1179 634 1244 id
669 1179 809 1265 desuper
844 1179 1030 1262 decernere,
1065 1178 1152 1264 quod
1184 1180 1326 1244 maxime
1357 1200 1457 1264 expe-

256 1284 349 1350 diens
372 1295 467 1350 esset.

361 1389 452 1454 Sicut
467 1397 501 1454 et
516 1389 550 1455 S.
564 1389 660 1454 Ser²⁸⁸
674 1391 798 1454 interea
814 1386 984 1474 diligenter
1005 1389 1126 1474 passim
1148 1385 1323 1452 observare
1346 1395 1458 1472 posset

257 1495 364 1558 omnia
386 1515 436 1575 ea,
459 1516 543 1579 quae
567 1503 679 1558 contra
701 1497 868 1578 superiora
890 1503 1049 1558 convente
1072 1513 1200 1578 quoquo
1222 1491 1317 1557 modo
1341 1491 1384 1556 ab
1401 1491 1457 1556 ad·

256 1600 408 1662 versariis
423 1600 664 1682 innovarentur,
686 1597 785 1684 idque
807 1606 989 1684 propterea,
1012 1606 1048 1662 ut
1069 1597 1209 1662 futuram
1230 1599 1457 1662 tractationem

258 1724 295 1767 eo
318 1712 490 1788 praetextu
511 1711 600 1767 tanto
624 1704 726 1786 magis
749 1724 908 1767 excusare
932 1711 964 1766 et
986 1723 1113 1768 omnem
1136 1700 1264 1787 culpam
1287 1700 1392 1766 solum
1423 1703 1457 1764 iu

257 1808 335 1892 ipsis
356 1808 481 1871 reicere
503 1806 637 1871 valeret

361 1910 427 1975 Sed
449 1910 532 1976 haec
554 1912 665 1996 exigui
688 1920 763 1975 sunt
784 1911 946 1975 momenti.
981 1910 1024 1974 Ει
1045 1931 1132 1974 nuuc
1155 1908 1198 1973 ad
1220 1911 1458 1994 praestantiora

257 2014 477 2100 deveniamus,
504 2017 587 2080 inter
610 2037 694 2100 quae
716 2014 796 2080 illud
819 2013 852 2080 S.
869 2013 911 2080 gu
936 2015 1077 2080 maxime
1107 2013 1288 2078 curandum
1318 2015 1389 2096 erit,
1422 2023 1458 2080 ut

257 2117 344 2203 quod
366 2121 430 2183 ism
453 2121 506 2203 pie
529 2119 607 2183 facit
628 2117 820 2183 infuturum
834 2127 943 2183 tamen
958 2118 1067 2183 adhuc
1082 2117 1246 2183 ardentius
1261 2140 1301 2182 ac
1315 2116 1455 2202 flagran-

255 2224 319 2287 tius
344 2223 448 2306 faciat,
471 2233 508 2287 ιιι
529 2224 680 2286 nimirum
702 2245 746 2286 ex
768 2221 889 2286 familia
912 2244 980 2306 sua,
1012 2221 1118 2306 quoad
1142 2223 1210 2286 eius
1233 2221 1302 2286 fieri
1326 2223 1456 2307 poterit,

258 2347 312 2390 eos
334 2328 390 2411 qui
412 2336 540 2390 nostrae
565 2327 710 2410 religioni
733 2325 910 2390 catholicae
933 2347 997 2390 non
1020 2335 1095 2390 sunt
1115 2324 1245 2408 addicti,
1269 2328 1457 2390 successive

258 2429 398 2494 eliminet
427 2440 460 2495 et
490 2433 522 2494 in
554 2433 664 2516 primis
686 2432 794 2495 omnia
817 2430 924 2495 officia
948 2429 1146 2494 solummodo
1169 2428 1334 2494 catholicis
1357 2431 1457 2494 etiam

256 2536 362 2598 minus
393 2534 564 2619 habilibus,
597 2558 672 2600 cum
701 2537 833 2600 minima
862 2543 968 2599 tamen
997 2533 1256 2600 adversariorum
1278 2534 1457 2599 offensione

258 2636 441 2703 concredat.
477 2638 564 2703 Nam
586 2661 626 2703 ea
647 2660 684 2702 re
705 2640 739 2701 in
761 2637 857 2722 plebe
887 2660 927 2702 ec
954 2638 1073 2724 populo
1103 2637 1238 2703 multum
1268 2636 1458 2703 aedificabit

258 2761 297 2806 ac
319 2741 475 2827 proficiet,
499 2766 573 2807 cum
595 2744 617 2807 ii
639 2752 675 2807 ιιι
697 2741 870 2827 plurimum
891 2741 935 2805 ad
957 2742 1110 2827 principis
1132 2764 1172 2807 ac
1194 2764 1324 2807 suorum
1346 2763 1455 2807 mores

258 2868 330 2910 sese
361 2868 554 2933 componere
584 2846 707 2911 soleant
735 2856 769 2911 et
797 2867 951 2911 successu
980 2848 1131 2931 temporis
1160 2846 1266 2913 multis
1290 2844 1455 2911 nobilibus

257 2949 368 3015 itidem
405 2950 448 3015 ad
486 2951 672 3036 religionem
705 2960 847 3014 cosham
881 2949 1073 3015 catholicam
1106 2950 1285 3015 accedendi
1319 2972 1456 3015 ceruam

258 3053 358 3119 dabit.
391 3055 442 3119 Ne
465 3076 520 3119 cos
541 3063 697 3141 perpetuo
720 3053 834 3118 aulicis
857 3063 889 3119 et
911 3053 980 3119 aliis
1002 3053 1126 3137 officiis,
1150 3076 1233 3140 quae
1256 3052 1299 3118 ad
1314 3052 1348 3119 S.
1362 3052 1456 3119 Ser-²1·

257 3160 471 3243 provisionem
494 3167 651 3245 spectant,
675 3180 787 3223 carere
811 3166 964 3244 oporteat,
988 3161 1070 3223 sicut
1092 3168 1126 3223 et
1143 3158 1175 3223 S.
1193 3158 1287 3223 sere·
1309 3160 1375 3223 iam
1399 3180 1454 3222 ex·

257 3265 413 3349 perientia
427 3262 544 3328 edocta
566 3274 624 3346 est,
647 3262 765 3348 quibus
788 3265 891 3347 magis
913 3262 1015 3329 fidere
1037 3266 1145 3349 possit.
1180 3262 1310 3327 Deinde
1327 3262 1359 3328 S.
1373 3261 1456 3327 Serti

258 3376 291 3431 et
311 3368 459 3432 omnibus
481 3366 561 3449 aliis,
585 3366 701 3451 quihus
724 3366 840 3431 harum
862 3369 1001 3452 portium
1021 3368 1108 3433 salus
1123 3376 1156 3432 et
1170 3368 1371 3432 incolumitas
1386 3376 1455 3432 tam

256 3472 290 3534 in
320 3470 538 3555 spiritualibus
569 3491 666 3555 quam
695 3470 926 3556 temporalibus
957 3494 1054 3537 curae
1085 3494 1155 3537 esse
1187 3471 1295 3555 debet,
1326 3494 1454 3538 summe

258 3572 445 3639 enitendum
475 3575 544 3655 erit,
573 3582 611 3637 ut
632 3573 814 3639 differentis
837 3576 899 3659 ille,
929 3598 1012 3661 quae
1035 3577 1118 3642 inter
1141 3576 1173 3642 S.
1191 3575 1295 3641 seres
1319 3597 1359 3640 ae
1383 3598 1453 3643 rev.

258 3677 402 3741 dominos
424 3675 570 3741 dominos
592 3677 782 3763 ordinarios,
812 3679 976 3745 dominum
1003 3679 1281 3766 archiepiscopum
1303 3679 1454 3765 Selzpur·

257 3801 392 3866 genscm
421 3801 462 3843 ιο
491 3778 657 3845 dominum
686 3782 904 3866 patriarcham
927 3785 1047 3869 vigent,
1078 3783 1223 3849 emedio
1245 3783 1399 3850 tollantur
1423 3795 1456 3850 et

257 3886 364 3947 omnia
386 3886 574 3968 quantocius
589 3885 802 3951 amicabiliter
816 3889 900 3951 inter
915 3908 970 3951 eos
986 3896 1227 3974 componantur.
1251 3888 1336 3953 Nam
1352 3911 1454 3974 quan-

256 3996 325 4052 tum
347 4008 474 4073 semper
495 3988 607 4074 religio
629 3999 739 4054 nostra
762 3990 920 4055 catholica
934 3993 967 4056 in
982 3990 1069 4057 hona
1082 4014 1122 4057 ac
1137 3993 1262 4057 sincera
1277 3993 1455 4078 spiritualis

256 4112 296 4154 ιο
324 4092 508 4177 temporalis
536 4095 700 4178 potestatis
732 4093 934 4159 confidencia
964 4104 996 4160 et
1029 4095 1265 4160 necessitudine
1298 4098 1454 4181 praesidii

256 4192 406 4257 habuerit
434 4206 467 4261 et
495 4208 650 4283 quantum
677 4208 810 4263 econtra
832 4221 875 4263 ex
897 4198 1110 4263 simultatibus
1132 4220 1172 4263 ac
1195 4200 1454 4267 contentionibus

257 4316 367 4360 eorum
390 4297 499 4363 damni
522 4324 561 4365 ac
584 4300 767 4366 detrimenti
789 4303 906 4386 iugiter
928 4304 1100 4388 acceperit,
1132 4302 1164 4367 id
1195 4304 1342 4369 omnibus
1374 4308 1453 4371 satis

256 4408 354 4482 patet,
386 4405 439 4486 qui
462 4404 515 4469 vel
537 4404 730 4489 primoribus
753 4406 845 4470 labiis
868 4405 1038 4471 lectionem
1060 4406 1244 4473 historicam
1267 4407 1454 4475 delibaruut

257 4512 290 4565 et
309 4514 480 4589 propterca
501 4507 579 4572 nihil
602 4530 683 4593 opus
705 4519 764 4591 est,
787 4508 820 4573 id
842 4509 895 4575 hic
918 4510 1054 4595 amplius
1077 4510 1250 4575 elucidare.
