3100 5025
1236 273 1297 338 137

214 467 286 532 Erit
307 469 404 552 igitur
426 489 506 550 opus
529 465 662 552 dignum
684 465 718 532 S.
733 465 798 549 M‘i,
822 477 857 530 ut
879 468 1057 552 principem
1085 465 1146 530 sibi
1169 465 1297 530 devinc-

107 573 267 637 tissimum
296 583 446 658 procuret
475 593 546 636 csse
576 580 610 636 ct
631 570 761 636 consilio
783 572 905 656 iuvere,
929 579 974 651 ut,
998 569 1083 656 quod
1107 571 1211 657 coepit
1233 569 1298 634 feli-

108 678 198 759 citer,
228 676 385 762 perfieist
430 676 473 742 Et
500 677 603 762 primo
633 675 761 742 videtur
790 685 914 743 mature
944 675 1223 760 considerandum,
1257 698 1299 740 sn

107 781 141 846 S.
157 779 255 846 Ser*
270 780 379 866 alique
400 803 444 844 ex
465 788 558 866 perte
577 779 631 845 vel
644 781 773 846 omnino
787 790 918 846 revocet
933 779 1063 846 decreto
1079 781 1299 846 concessiones

106 885 221 950 factas.
250 882 325 964 Qus
339 886 372 949 in
394 906 431 949 re
457 883 623 950 videretur
644 883 833 970 expediens,
857 893 891 950 ut
914 885 1125 950 conficeretur
1147 886 1299 971 scriptum

107 989 241 1053 nomine
263 986 297 1052 S.
317 985 384 1054 M‘i'
402 989 557 1074 principis
586 986 724 1053 subditis
745 986 1015 1074 promulgandum
1037 998 1093 1055 eut
1114 1011 1134 1052 s
1157 989 1300 1054 commis·

107 1093 202 1158 seriis
225 1091 382 1178 delegetis
409 1102 466 1159 eut
494 1114 535 1157 eo
562 1091 675 1176 forms,
703 1113 788 1179 quse
815 1091 869 1157 M‘i
890 1094 922 1160 S.
947 1091 1141 1158 commodior
1163 1115 1234 1158 esse
1256 1093 1299 1157 vi-

108 1195 250 1262 debitur.

213 1302 389 1367 Praeterea
410 1304 437 1367 si
463 1302 640 1368 necessitas
669 1303 715 1366 ite
743 1300 953 1388 postulaverit
976 1323 1029 1368 eos
1052 1325 1192 1387 monere,
1215 1300 1301 1389 quod

108 1409 135 1472 si
166 1429 232 1472 non
254 1407 420 1493 paruerint
442 1405 572 1471 decreto
595 1416 628 1470 et
649 1407 760 1472 minuti
783 1406 901 1472 fuerim
923 1429 958 1472 se
980 1406 1064 1473 nolle
1088 1406 1300 1490 contribuere,

108 1512 291 1598 imperium,
315 1513 366 1576 cui
385 1532 449 1576 non
471 1532 612 1596 coquum
634 1510 771 1596 videtur,
795 1519 831 1576 ut
850 1511 962 1578 finium
985 1514 1138 1578 securitas
1161 1511 1302 1598 pendeat

110 1640 153 1682 ex
186 1615 376 1681 differentiis
407 1624 440 1680 et
467 1614 586 1696 litibus,
618 1637 702 1701 qune
730 1617 816 1681 inter
838 1615 941 1682 Sor‘em
960 1617 992 1684 S.
1017 1626 1048 1682 et
1070 1615 1137 1682 illos
1161 1615 1302 1703 quotidie

109 1725 266 1805 oriuntur,
288 1720 509 1786 nihilomnino
529 1720 625 1786 detur
644 1720 785 1786 sinclint
807 1722 878 1807 ipsi,
902 1721 988 1807 quod
1010 1724 1128 1788 iustum
1151 1731 1209 1805 est,
1230 1743 1300 1786 con·

110 1826 270 1909 tribuere3
294 1825 355 1890 boc
378 1826 404 1889 ei
426 1824 549 1890 sectum
571 1825 676 1909 fuerit,
699 1847 774 1911 spes
798 1835 847 1891 est
867 1825 945 1907 fore,
970 1834 1005 1890 ut
1020 1827 1081 1911 ipsi
1094 1827 1303 1911 acquiescunt

110 1941 144 1995 et
165 1928 298 2016 quando
319 1928 354 1994 id
377 1928 464 2015 quod
487 1928 578 1994 Deus
600 1937 737 2012 evertet,
760 1951 824 1994 non
848 1931 1054 2015 contingeret,
1078 1940 1155 1995 tunc
1171 1929 1302 1995 ulterius

111 2034 286 2101 deliberari
308 2036 435 2119 poterit,
466 2054 529 2119 quo
553 2055 632 2098 cssu
654 2033 686 2099 S.
710 2032 890 2099 sorte-non
913 2032 1042 2099 oonsilio
1065 2034 1167 2100 solum
1190 2032 1303 2099 sedet

110 2162 173 2226 ope
194 2149 228 2204 et
249 2137 369 2203 auxilio
390 2139 435 2203 itu
457 2139 624 2224 prospexit
645 2139 679 2203 in
701 2140 863 2223 praesenti
886 2147 918 2202 et
939 2139 1062 2224 recepit
1083 2140 1115 2202 in
1139 2147 1302 2224 posterum

109 2266 146 2308 se
169 2245 422 2330 quotiescunque
445 2263 525 2328 opus
547 2233 644 2307 itioris
665 2240 813 2307 omnibus
835 2241 868 2308 S.
890 2241 979 2308 Seru
998 2241 1095 2308 rebus
1117 2243 1300 2326 affuturam,

110 2359 145 2412 ut
169 2369 233 2413 non
262 2357 385 2412 temero
415 2344 610 2432 sperandum
639 2345 799 2430 videatur,
829 2347 905 2433 quin
935 2368 1009 2412 eum
1036 2368 1133 2434 quem
1155 2357 1301 2434 optemus

111 2455 235 2519 exitum
256 2454 298 2519 sit
318 2453 481 2538 negotium
503 2451 722 2518 habiturum.¹

382 2592 472 2658 (Ohne
489 2592 601 2644 Adsensu
618 2593 673 2643 und
692 2594 798 2643 Datum.
836 2594 868 2643 Io
886 2592 974 2643 dorso:
991 2592 1035 2658 E.)

682 2838 734 2903 56.

111 2995 174 3062 Die
194 2995 324 3061 Hersen
349 2996 418 3060 end
439 2995 617 3060 Lucem
637 3015 698 3060 oon
720 2994 915 3061 Steiermoric
936 3016 981 3060 au
1002 2996 1053 3060 die
1075 2996 1111 3061 in
1133 2994 1221 3061 Grac
1243 3016 1301 3061 oc-

112 3102 271 3167 wesendcn
281 3098 531 3178 cuiebseps‘scbcn
542 3098 768 3166 Commissum:
784 3100 932 3182 sprecben
943 3099 1039 3165 iimcc
1054 3101 1304 3183 denscbs'irfsten

112 3206 208 3271 Tudel
230 3226 300 3285 oses,
323 3206 398 3270 deso
418 3206 464 3271 eie
484 3205 537 3269 die
551 3204 591 3270 F.
607 3203 656 3269 D‘
673 3204 775 3269 dobin
797 3206 949 3288 ,ewinpen
970 3204 1038 3269 scd
1053 3206 1206 3287 dricpen‘,
1229 3204 1304 3270 dass

112 3310 164 3375 dic
184 3311 242 3375 der
256 3309 455 3390 Lcodscbcfl
471 3308 642 3391 pepebenes
655 3308 838 3391 seierlicbeo
852 3308 1108 3393 Zess'cberenpen
1122 3308 1174 3373 ihr
1187 3308 1304 3373 wieder

306 3419 455 3496 entsopen
475 3414 608 3478 werden.
655 3413 752 3493 Grac,
775 3416 863 3478 1580
884 3411 1053 3478 December
1074 3418 1126 3480 24.

393 3553 480 3620 (Cup,
498 3554 581 3618 Lm,
600 3553 689 3615 L.·H.‚
707 3553 854 3619 Sotninger.
873 3552 919 3603 tot.
932 3554 981 3604 231
989 3552 1027 3619 b.)

217 3712 290 3777 Wir
311 3709 420 3797 geben
442 3709 524 3776 ench
547 3733 588 3775 zu
612 3732 799 3795 mnemon,
822 3710 898 3775 dass
920 3712 978 3775 wir
1000 3710 1102 3775 leider
1123 3761 1130 3775 .
1148 3761 1155 3774 .
1174 3760 1180 3775 .
1201 3709 1304 3775 leuter

113 3816 332 3899 wernebmen,
355 3815 455 3881 seben
476 3814 544 3880 und
567 3824 695 3901 spureo,
719 3815 780 3878 wie
802 3816 829 3878 ir
844 3813 892 3879 als
908 3814 965 3879 des
982 3815 1079 3881 berrn
1095 3814 1304 3881 erzbischovc

155 4045 166 4076 ¹
183 4046 237 4095 Die
249 4043 400 4110 Dstierung
417 4043 505 4109 ergibt
521 4043 578 4093 sich
596 4058 645 4093 eus
663 4042 715 4092 den
728 4042 839 4093 Worten
857 4040 904 4092 der
915 4042 1069 4108 Erklbrung
1082 4040 1128 4092 des
1140 4040 1304 4107 Ernhereogs

181 4148 244 4183 vom
256 4133 298 4183 2³.
310 4130 470 4181 December:
490 4129 560 4191 ‚weil
574 4130 595 4179 1.
607 4130 638 4181 F.
653 4130 688 4179 1)ι
708 4130 802 4180 weiter
819 4144 853 4179 zu
870 4143 939 4194 geen
957 4130 999 4179 nit
1016 4132 1120 4191 nissen,
1139 4127 1174 4179 de
1191 4130 1230 4179 sie
1248 4126 1305 4178 halt

182 4219 251 4271 elles
269 4217 422 4279 ssitlichen,
435 4218 467 4283 je
484 4216 530 4268 des
547 4216 641 4269 lebsns
659 4216 801 4267 entretben
817 4215 921 4280 uoltum,
940 4216 989 4267 eut
1003 4215 1106 4267 welche
1119 4216 1192 4266 disse
1206 4215 1306 4267 Schritt

182 4308 276 4372 Boeng
294 4306 396 4356 nimmt
427 4306 482 4356 Der
493 4305 589 4355 Kniser
606 4305 687 4370 gierig
705 4304 754 4355 sut
770 4304 844 4355 disse
857 4302 994 4355 Wtinsche
1013 4304 1058 4355 des
1070 4303 1235 4369 Erzhernogs
1247 4304 1303 4367 ein3

183 4410 213 4445 er
236 4392 304 4445 bielt
325 4406 355 4443 es
377 4392 497 4453 ,candido
520 4398 548 4442 et
569 4391 696 4443 clementi
713 4393 812 4443 suimo‘
831 4391 883 4441 den
901 4390 1072 4441 stitndiscben
1092 4392 1227 4452 ,oratores‘
1244 4406 1303 4440 vor:

183 4482 269 4544 ,Sicut
285 4480 351 4546 ipsis
368 4478 578 4545 provincialibus
595 4480 625 4529 in
643 4494 735 4532 eorum
753 4478 809 4528 solo
828 4483 856 4529 et
873 4477 952 4529 dictis
964 4482 1079 4543 quatuor
1091 4476 1245 4528 civitatibus
1256 4491 1304 4542 pro

184 4584 214 4620 ss
236 4584 269 4619 ec
291 4568 346 4619 suis
370 4565 458 4619 dictes
480 4582 572 4618 sorum
595 4565 734 4633 roligionis
756 4567 914 4618 exercimm
936 4566 1045 4617 missum
1069 4565 1157 4615 fecere
1174 4578 1207 4613 ac
1224 4563 1304 4614 relin-
