3100 5025
1249 189 1313 252 263

114 391 211 444 conto
235 378 266 442 d'
280 381 482 446 essecutions
505 379 566 444 ohe
589 378 731 466 dependi
754 377 797 444 da
819 378 909 444 forsa
925 401 1058 444 menora
1074 379 1134 443 che
1150 380 1183 443 di
1199 401 1312 466 campo

114 485 263 549 sormato.

220 589 257 654 Si
286 588 348 654 che
371 611 406 654 se
428 590 461 656 S.
478 587 536 655 A¹⁸
558 612 622 654 non
644 612 663 654 e
685 599 807 654 venata
829 612 849 653 a
872 592 1072 655 essecutione
1096 588 1149 654 del
1172 589 1313 673 decreto,

115 693 218 759 credo
238 693 300 758 che
322 697 408 780 possi
431 694 527 760 molto
549 694 615 760 ben
638 696 900 780 esser'isousata,
924 695 1039 780 poiche
1063 697 1094 758 vi
1117 717 1313 760 concorrono

114 807 206 862 tante
240 797 489 865 considerationi
518 808 551 864 et
580 797 878 885 eprobabilissimo
909 798 1018 882 dubio,
1050 797 1110 863 che
1140 798 1226 864 fosse
1256 821 1315 884 per

115 903 220 988 poter'
235 925 344 967 essere
366 925 451 967 vano
474 905 550 989 ogni
572 903 677 967 sforzo
699 902 870 968 ordinario.

219 1007 278 1072 Ma
300 1009 327 1071 si
350 1010 454 1093 potria
477 1006 558 1091 dire,
580 1006 701 1093 perche
724 1006 854 1093 denque
876 1007 969 1071 venir
988 1029 1008 1070 a
1024 1015 1136 1092 questo
1160 1005 1313 1070 decreto?

112 1112 190 1176 Non
212 1110 322 1197 voglio
345 1110 492 1196 disputan
513 1111 594 1175 hora
616 1134 652 1176 ss
675 1111 708 1177 S.
725 1109 783 1175 A²⁸
805 1109 848 1174 ha
870 1120 1015 1196 peccato,
1044 1133 1062 1174 ο
1084 1133 1136 1194 ιιο,
1166 1112 1200 1174 in
1221 1109 1313 1193 farlo,

113 1215 180 1279 ben
211 1214 285 1279 dieo
315 1215 377 1280 ohe
399 1217 418 1279 ὸ
441 1225 525 1281 stata
553 1218 609 1300 piu
633 1238 651 1280 e
673 1216 728 1302 piu
758 1214 844 1280 volte
873 1237 933 1301 per
963 1223 1055 1301 parte
1078 1214 1110 1278 di
1135 1213 1166 1280 S.
1185 1213 1231 1280 Ξῖ*
1253 1213 1312 1278 ad·

111 1321 238 1384 monita
267 1341 364 1405 sopra
391 1320 421 1385 le
443 1319 653 1385 declarationi
675 1320 755 1386 fatte
776 1322 810 1384 in
833 1319 946 1384 favore
968 1329 1119 1404 protenso
1143 1318 1218 1384 delli
1241 1321 1313 1384 stati

111 1423 352 1489 confessionisti
383 1433 416 1488 et
437 1426 456 1488 ὸ
479 1433 563 1489 stata
593 1426 752 1489 ricercata
780 1422 813 1488 di
835 1423 1003 1489 revocer-le
1026 1433 1057 1490 et
1080 1423 1124 1509 gli
1146 1425 1209 1488 n'e
1232 1433 1313 1488 stato

111 1529 194 1593 fatto
224 1550 354 1614 sempre
383 1530 586 1612 conscienza,
618 1551 714 1614 sopra
745 1528 778 1594 di
801 1528 863 1593 che
886 1528 928 1593 ha
951 1528 1055 1593 anoho
1079 1528 1198 1593 havnto
1221 1528 1313 1594 brevi

10 1724 11 1727 Ἴ
111 1635 199 1698 assai
222 1635 311 1718 aspri
333 1642 367 1697 et
387 1635 481 1719 quasi
503 1635 746 1717 comminatorii,
779 1636 805 1698 si
833 1633 894 1696 che
917 1655 952 1696 se
975 1631 1061 1697 bene
1084 1632 1115 1698 S.
1133 1631 1190 1697 A²⁸
1213 1631 1312 1698 addu-

10 1778 11 1787 .
112 1759 197 1802 cera
219 1735 318 1801 molte
341 1735 506 1820 difficolta,
530 1735 725 1801 nondimeno
748 1759 827 1801 sono
842 1759 970 1823 sempre
986 1746 1068 1802 state
1084 1758 1144 1801 con
1160 1735 1314 1801 esortarla

10 1830 11 1841 ἵ
111 1841 304 1906 lavenir'al
327 1840 416 1924 fatto,
439 1863 539 1905 senaa
561 1841 583 1905 il
606 1841 702 1926 quale
724 1863 849 1926 pareva
872 1839 932 1905 che
955 1843 982 1904 si
1005 1839 1178 1904 havessero
1201 1840 1231 1904 le
1256 1840 1312 1904 dif-

112 1943 225 2010 ficolta
245 1967 304 2031 per
325 1946 525 2029 imaginarie,
559 1967 622 2009 non
646 1945 808 2009 essentiali
830 1954 862 2009 et
883 1945 1014 2009 insieme
1038 1946 1064 2008 si
1088 1947 1205 2008 veniva
1228 1945 1248 2007 a
1270 1944 1313 2008 of-

10 2042 11 2067 ³
112 2049 216 2113 ferirli
239 2050 325 2113 aiuto
347 2051 380 2112 in
403 2071 479 2114 caso
503 2048 536 2112 di
557 2051 735 2114 resistenza
756 2059 790 2112 et
813 2047 846 2112 di
875 2047 1019 2131 bisogno,
1049 2047 1081 2111 di
1111 2049 1168 2132 piu
1190 2047 1209 2112 l'
1223 2070 1312 2112 occa·

10 2180 11 2250 ι
112 2157 204 2218 sione
235 2155 350 2217 istessa
380 2163 413 2217 et
441 2152 461 2217 l'
474 2155 681 2238 importunita
711 2152 752 2217 de
782 2152 971 2237 provinciali
1000 2151 1103 2216 infetti
1130 2151 1172 2215 ha
1195 2161 1313 2216 estorto

112 2259 208 2342 quasi
238 2279 299 2342 per
327 2257 417 2321 forza
446 2266 559 2342 questo
590 2255 731 2340 decreto,
762 2257 823 2322 che
854 2254 1006 2321 undando
1035 2257 1065 2321 in
1088 2255 1217 2341 publico
1240 2277 1312 2320 oon·

112 2371 213 2426 vento
243 2360 292 2425 lor
321 2384 342 2425 a
371 2363 425 2425 ria
455 2359 488 2425 di
517 2359 637 2425 valensi
664 2359 747 2426 delle
770 2359 1003 2426 dechiarationi
1027 2369 1177 2446 protense
1200 2361 1220 2423 a
1242 2383 1313 2446 pre-

112 2465 256 2550 gindicio
279 2487 363 2530 novo
386 2474 419 2529 et
440 2463 582 2531 notabile
605 2465 692 2530 della
713 2465 868 2553 religione
892 2464 1060 2549 catholica,
1090 2463 1227 2530 volendo
1252 2463 1312 2531 ohe

111 2572 139 2633 si
171 2569 373 2635 reabilitasse
403 2569 467 2634 alla
490 2569 624 2655 predica
647 2593 690 2634 un
713 2569 870 2635 blasfemo
893 2579 925 2634 et
949 2569 1099 2635 seditioso
1121 2570 1311 2656 predicante

112 2696 176 2738 con
199 2674 312 2758 negar’
325 2673 507 2739 altrimente
528 2674 558 2739 le
582 2673 810 2739 contributioni
831 2676 864 2739 in
887 2682 976 2739 tutte.
1014 2674 1058 2738 Et
1081 2673 1217 2738 essendo
1241 2697 1311 2739 con-

111 2780 203 2843 tinue
233 2777 376 2863 querelle
407 2776 449 2843 de
479 2778 595 2864 prelati
617 2777 650 2841 di
674 2801 785 2864 sponse
808 2780 1010 2865 occupationi
1033 2801 1118 2843 nove
1141 2777 1182 2843 de
1206 2801 1312 2863 parro-

113 2882 211 2946 chiali
235 2892 268 2946 et
288 2880 370 2947 altre
393 2881 502 2947 chiese
524 2882 603 2947 fatte
625 2883 707 2947 hora
730 2881 771 2946 da
795 2904 869 2965 uno,
892 2881 972 2946 hora
994 2881 1037 2946 da
1059 2905 1103 2947 un
1126 2882 1206 2947 altro
1223 2883 1312 2947 here·

111 2989 186 3069 tico,
210 3008 272 3050 con
293 2986 434 3051 notabile
457 2986 638 3051 seduttione
662 2984 694 3049 di
717 2985 814 3051 molte
837 2988 944 3051 anime
967 2996 999 3049 et
1021 3008 1080 3070 per
1101 2984 1133 3050 la
1156 2985 1253 3051 molta
1268 2990 1311 3051 in·

112 3100 228 3155 stanna
258 3088 320 3154 che
349 3113 391 3155 ne
421 3089 538 3155 lacera
568 3090 720 3156 ilnontio
744 3090 777 3154 di
801 3090 833 3155 S.
852 3090 898 3155 Si⁵
922 3112 985 3155 non
1008 3089 1050 3153 ha
1073 3098 1181 3175 potnto
1205 3090 1237 3154 S.
1255 3088 1312 3153 A²⁸

111 3194 163 3259 far
186 3194 220 3257 di
242 3216 348 3278 meno,
372 3194 433 3258 ohe
456 3196 627 3280 opponersi
650 3216 711 3258 con
732 3192 972 3258 dechiaratione
989 3192 1041 3257 del
1057 3216 1113 3257 suo
1132 3196 1238 3257 animo
1254 3216 1313 3279 per

112 3300 166 3362 via
191 3298 225 3362 di
248 3307 361 3383 questo
385 3296 527 3381 decreto,
550 3298 611 3371 che
634 3297 815 3363 altrimente
838 3300 865 3361 si
888 3299 1013 3361 seriano
1034 3319 1094 3361 oon
1109 3319 1193 3362 nove
1210 3306 1311 3362 esten-

110 3404 195 3467 sioni
218 3424 237 3465 e
259 3401 405 3487 pratiche
435 3424 500 3465 non
530 3400 596 3467 solo
625 3404 843 3488 impossessati
875 3401 959 3467 delle
988 3400 1219 3467 deohiarationi
1242 3425 1311 3488 pre-

111 3506 267 3588 iudicisli,
297 3528 351 3570 ma
380 3506 557 3570 haveriano
580 3508 713 3571 insieme
735 3516 947 3592 gravamente
971 3507 1070 3571 offeso
1093 3504 1123 3569 la
1147 3516 1237 3591 parte
1261 3530 1310 3570 oa-

111 3610 233 3675 tholiea
248 3632 309 3675 eon
323 3611 401 3674 nori
416 3610 585 3697 preiudicij
602 3633 620 3674 e
636 3609 782 3675 violence
799 3633 890 3675 come
906 3611 1184 3676 manifestamente
1201 3621 1312 3675 consta

111 3738 173 3802 per
202 3714 309 3801 quello
339 3713 423 3779 eh’t
452 3724 583 3801 passato
612 3717 722 3779 avanti
746 3739 766 3779 a
789 3725 902 3801 questo
934 3715 1064 3779 decreto
1096 3715 1129 3779 di
1151 3715 1184 3780 S.
1201 3716 1259 3779 A²⁸
1281 3715 1311 3779 la

111 3818 189 3905 qual
219 3818 326 3883 ancho
357 3817 554 3884 decretando
577 3840 653 3883 cosa
676 3822 743 3883 cosi
764 3822 872 3905 giusta
894 3828 926 3885 et
948 3821 981 3883 in
1003 3822 1100 3884 niuna
1123 3829 1216 3904 parte
1240 3842 1312 3885 eon·

111 3925 216 3989 traria
236 3922 302 3987 ulla
324 3945 406 4008 pace
430 3922 514 3987 della
535 3922 691 4008 religione
715 3934 747 3988 et
768 3947 790 3988 a
813 3933 933 4009 quanto
956 3925 983 3987 si
1006 3926 1143 4007 prettiea
1159 3947 1217 4010 per
1232 3933 1312 3989 tutto

111 4028 131 4092 l'
147 4030 285 4115 imperio
316 4029 404 4093 circa
433 4028 466 4092 la
495 4028 609 4093 liberta
634 4027 718 4093 delle
741 4030 942 4112 conscience,
973 4030 1046 4093 anci
1070 4028 1268 4093 moderando
1291 4027 1313 4093 il

112 4135 231 4217 rigore,
264 4132 327 4197 che
355 4131 401 4217 gli
422 4132 441 4195 ὸ
464 4153 629 4218 permenso
660 4130 745 4196 dalle
776 4134 992 4198 constitutioni
1024 4132 1055 4197 d'
1072 4134 1216 4218 imperi0,
1249 4155 1312 4197 non

114 4236 220 4301 donea
241 4235 277 4300 di
299 4238 431 4321 ragione
452 4258 602 4322 pensare,
627 4235 686 4301 ohe
709 4236 831 4301 fossero
853 4236 874 4300 li
890 4240 958 4301 suoi
975 4236 1093 4301 sudditi
1109 4258 1169 4321 per
1185 4235 1313 4301 dechia·

113 4344 194 4405 rarsi
228 4350 317 4405 tanto
352 4342 533 4405 contumaci
567 4364 585 4404 e
616 4350 838 4427 apertamente
872 4339 1077 4423 inobedienti,
1112 4340 1216 4405 anoho
1250 4362 1312 4405 oon

114 4446 311 4510 minacciare
324 4443 445 4509 l'armi.
471 4442 568 4509 Onde
583 4444 704 4508 reduto
728 4454 816 4509 tanto
838 4444 945 4509 ardire
970 4443 1163 4508 considerati
1186 4443 1207 4507 li
1230 4447 1310 4529 peri·
