3100 5025
258 265 323 330 242

256 455 387 521 decreto
417 477 489 520 meo
520 457 566 520 eis
592 457 625 520 in
648 454 734 520 dicto
757 457 892 540 negocio
914 453 1075 540 religionis
1098 453 1300 540 promulgato
1324 457 1460 541 acquie-

255 563 379 626 vissent
392 569 426 624 et
439 562 472 624 in
495 583 534 624 eo
557 559 750 645 exequendo
773 559 917 626 debitam
940 558 1017 624 mibi
1040 558 1257 624 obedientiam
1279 562 1461 644 praestitis·

256 675 337 749 sent,
368 665 427 730 sed
449 664 533 730 adeo
555 664 598 730 ad
620 664 654 730 id
676 664 797 730 adduci
819 686 882 730 non
904 673 1087 751 potuerunt,
1116 674 1150 728 ut
1173 663 1319 728 discreto
1342 664 1459 730 verbis

255 770 419 834 affirmare
441 791 506 834 non
528 768 717 834 erubuerint
731 791 767 834 se
782 771 888 855 potins
904 771 1010 834 omnia
1025 777 1172 834 extrema
1186 789 1337 854 passuros
1352 790 1459 854 quam

255 897 276 938 a
305 895 364 937 sua
395 872 596 937 confessione
625 882 659 937 et
688 874 756 936 eius
787 871 876 936 solito
907 873 1062 936 exercitio
1093 869 1146 936 vel
1176 880 1281 936 samm
1307 893 1459 956 unguem

256 977 466 1061 discessuros,
488 999 523 1042 se
546 976 677 1063 quidem
699 975 777 1042 mihi
800 975 842 1040 de
864 985 972 1042 cetero
995 975 1080 1040 dicto
1103 985 1136 1040 ct
1158 976 1243 1042 facto
1264 975 1458 1042 obedientes

256 1083 389 1166 futuros,
414 1084 441 1147 si
462 1091 570 1146 tamen
593 1083 753 1167 quispiam
775 1083 872 1146 armis
896 1079 964 1146 illos
988 1079 1124 1166 aggredi
1147 1090 1179 1144 et
1195 1103 1216 1144 a
1231 1079 1318 1145 dicta
1340 1103 1458 1146 eorum

257 1186 456 1252 confessione
487 1187 520 1250 vi
549 1207 667 1271 cogere
697 1186 951 1271 praesumpserit
980 1206 1015 1248 se
1039 1206 1103 1250 non
1126 1186 1351 1249 commissuros
1375 1188 1458 1269 quin

257 1312 332 1354 eum
354 1291 387 1355 vi
409 1288 568 1375 repellant
588 1311 629 1353 ac
651 1288 749 1354 rebus
770 1291 847 1372 suis,
878 1288 986 1374 quoad
1008 1291 1076 1354 eius
1099 1290 1240 1354 maxime
1267 1288 1377 1354 facere
1399 1311 1458 1374 po-

255 1403 372 1476 terunt,
394 1392 596 1479 provideant,
626 1401 658 1456 ct
679 1395 832 1477 quoniam
856 1414 895 1456 ea
917 1391 959 1458 de
982 1414 1017 1458 re
1040 1392 1190 1457 sollicitos
1213 1394 1277 1456 iam
1301 1413 1355 1456 eos
1380 1414 1458 1456 esse

258 1506 420 1582 oporteret
448 1495 528 1560 nihil
556 1518 591 1560 se
622 1495 759 1582 amplius
789 1495 833 1560 ad
861 1495 997 1562 tutanda
1026 1495 1165 1561 confinia
1194 1505 1305 1562 contra
1327 1495 1459 1562 Turcas

258 1600 495 1666 contributuros
518 1599 576 1664 sed
599 1622 653 1664 eos
676 1599 709 1664 id
731 1602 858 1686 negocii
881 1600 958 1664 mihi
980 1623 1020 1665 ac
1042 1599 1102 1666 illis
1125 1602 1179 1685 qui
1202 1599 1274 1666 tulis
1296 1601 1361 1664 mei
1384 1623 1458 1686 pro

258 1704 391 1789 mulgati
421 1704 544 1770 decreti
574 1714 702 1769 autores
732 1713 841 1769 essent
864 1704 1044 1770 omnimodo
1067 1705 1233 1770 relicturos
1256 1714 1289 1770 et
1310 1703 1396 1770 nolle
1420 1727 1459 1770 se

257 1831 401 1895 unquam
431 1808 559 1894 culpam
589 1807 631 1872 de
661 1830 699 1873 eo
729 1808 851 1874 habere
882 1810 986 1873 minus
1016 1809 1274 1894 qualemcunque
1301 1807 1459 1893 reddere,

257 1915 383 1978 etiamsi
412 1913 552 1976 confinia
579 1913 652 1997 ipsa
680 1914 713 1976 in
736 1934 850 1976 manus
873 1911 972 1978 bostis
996 1912 1149 1978 devenire
1172 1911 1339 1977 deberent.
1380 1911 1460 1993 Qua

258 2040 369 2082 corum
397 2018 631 2103 significatione
661 2017 743 2081 adeo
774 2026 807 2080 ct
836 2037 943 2081 meum
973 2025 1005 2082 et
1034 2039 1178 2082 meorum
1202 2014 1459 2082 consiliariorum

261 2124 402 2187 omnium
431 2123 575 2187 animum
604 2119 794 2186 afflixerunt
822 2142 862 2186 ac
891 2119 1130 2206 perturbarunt,
1164 2130 1201 2186 ut
1233 2119 1311 2184 nibil
1344 2142 1458 2206 supra.

261 2227 305 2290 Et
327 2228 474 2312 quamvis
497 2225 679 2290 multotiens
703 2225 948 2291 commonefacti
970 2225 1098 2308 fuerint,
1122 2235 1157 2291 ut
1179 2228 1371 2290 sententiam
1388 2248 1459 2290 mu-

257 2339 327 2396 tare
343 2339 376 2394 et
398 2351 472 2393 cum
495 2352 552 2415 pro
575 2352 686 2394 eorum
709 2328 818 2394 debito
841 2328 1028 2394 obedientes
1051 2327 1129 2393 mihi
1152 2349 1233 2414 esse,
1257 2339 1326 2394 tnm
1349 2327 1458 2394 dictas

259 2432 409 2498 collectas
431 2433 474 2496 ad
496 2433 618 2498 tuenda
640 2433 780 2498 confinia
798 2432 930 2497 ulterius
947 2431 1125 2497 concedere
1141 2431 1271 2517 vellent,
1293 2435 1326 2498 in
1343 2454 1459 2498 eorum

258 2549 367 2602 tamen
389 2540 550 2623 proposito
574 2548 757 2603 constanter
780 2547 1036 2622 permanserunt,
1067 2536 1170 2601 donec
1200 2558 1260 2621 ego
1291 2535 1369 2601 dicti
1392 2540 1459 2602 mei

259 2640 380 2706 decreti
404 2644 630 2706 executionem
653 2639 886 2725 suspenderem
909 2651 942 2705 et
963 2640 1057 2704 simul
1072 2639 1132 2703 illis
1146 2642 1378 2725 promitterem,
1404 2664 1459 2707 me

260 2746 291 2808 in
322 2747 555 2829 presentiarum
586 2767 655 2809 rem
677 2747 781 2830 ipsam
803 2746 835 2808 in
859 2743 964 2809 medio
986 2744 1182 2828 relicturum,
1213 2743 1299 2830 quod
1323 2745 1458 2830 quidem

260 2849 460 2934 usqueadeo
482 2849 654 2914 illubenter
677 2859 709 2914 et
730 2847 861 2913 invidus
884 2849 957 2929 feci,
981 2858 1016 2913 ut
1037 2847 1130 2913 dictis
1154 2852 1232 2913 meis
1255 2848 1457 2935 consiliarie,

261 2964 355 3039 prout
377 2953 411 3018 id
434 2954 539 3019 dictus
561 2952 615 3019 S‘ss
631 2951 672 3017 V.
695 2954 832 3017 nuncius
856 2953 950 3038 paulo
973 2962 1045 3039 post
1067 2975 1109 3016 cx
1131 2954 1207 3039 ipsis
1230 2951 1399 3037 intellexit,
1423 2953 1458 3019 li·

260 3057 357 3144 quido
387 3058 628 3139 affirmaverim,
664 3059 694 3121 si
725 3079 797 3143 quo
829 3056 903 3121 alio
933 3055 1040 3121 modo
1069 3058 1125 3120 rei
1155 3054 1300 3121 mederi
1331 3078 1458 3142 posse,

259 3162 349 3227 mihi
385 3162 703 3243 demonstrarent,
739 3170 886 3245 paratum
919 3182 970 3223 me
1005 3182 1084 3242 esse,
1118 3159 1313 3225 salutaribus
1343 3182 1458 3227 eorum

261 3266 398 3331 consiliis
428 3267 571 3351 obsequi,
602 3268 629 3330 si
661 3265 738 3329 mihi
767 3286 849 3345 mea,
881 3265 1035 3349 coniugis,
1064 3263 1303 3350 liberorumque
1333 3267 1402 3329 vita
1425 3276 1459 3329 et

260 3373 366 3436 omnia
395 3370 458 3434 alia
484 3368 712 3455 profundenda
735 3377 852 3433 essent.
877 3368 999 3432 Verum
1022 3388 1096 3432 cum
1118 3390 1175 3453 pro
1198 3367 1313 3433 horum
1334 3378 1458 3455 tempo-

260 3498 331 3539 rum
355 3473 537 3538 calamitate
560 3484 592 3537 et
614 3474 755 3537 maxime
776 3474 873 3537 vicini
896 3471 994 3536 bostis
1009 3472 1135 3537 Turcae
1159 3474 1300 3557 potentia
1322 3495 1363 3537 ac
1385 3496 1458 3560 per

260 3578 338 3643 fidia
361 3588 397 3641 ut
419 3577 461 3641 de
484 3579 623 3641 caesaris
646 3576 842 3661 valetudine,
866 3576 907 3641 de
930 3575 1026 3641 rebus
1042 3575 1177 3661 Galliae,
1201 3577 1358 3642 inferioris
1376 3578 1458 3643 Ger-

260 3684 387 3746 maniae
420 3689 453 3745 et
481 3681 588 3745 multis
617 3681 687 3745 aliis
718 3705 802 3767 quae
833 3680 1014 3767 singulatim
1046 3683 1226 3745 enumerari
1256 3692 1399 3768 possent,
1430 3686 1458 3747 si

260 3784 302 3853 S‘i
323 3786 362 3849 V.
386 3786 451 3849 iam
473 3793 570 3847 antea
590 3806 654 3850 nen
678 3794 870 3868 constarent,
893 3794 1029 3865 taceam,
1059 3784 1152 3849 nobis
1183 3783 1271 3848 aliud
1293 3787 1393 3850 tutius
1417 3808 1458 3851 ac

260 3890 374 3955 melius
395 3910 460 3953 non
483 3899 677 3974 occurreret,
707 3890 794 3955 dicto
817 3888 923 3954 medio
946 3891 1163 3974 suspensionis
1185 3891 1379 3955 unanimiter
1401 3890 1458 3955 ad-

261 3993 403 4078 stipulati
433 4015 555 4076 sumus,
586 3996 620 4057 in
648 3994 757 4059 Deum
781 3993 819 4057 Ο.
836 3992 881 4058 Μ.
914 4014 953 4056 ac
982 3992 1050 4057 gum
1075 3992 1115 4057 V.
1145 3993 1271 4057 firmam
1300 3992 1458 4060 fiduciam

261 4096 418 4161 habentes
441 4120 532 4163 suam
555 4097 697 4163 divinam
720 4099 921 4163 maiestatem
938 4118 1076 4161 unacum
1092 4096 1138 4160 8ιθ
1155 4097 1192 4161 V.
1209 4119 1266 4161 nos
1282 4110 1459 4163 excusatos

173 4240 175 4242 ·
261 4199 457 4283 habituram3
488 4205 514 4267 si
546 4201 677 4289 quidem
706 4222 801 4266 secus
827 4200 937 4265 lacere
961 4222 1024 4265 non
1046 4202 1215 4285 potuimus,
1245 4202 1306 4266 nisi
1328 4203 1460 4287 ipsimet

260 4304 324 4371 talc
346 4306 531 4371 incendium
547 4307 633 4373 domi
648 4316 779 4371 nostrae
794 4304 969 4369 incendere
986 4303 1205 4387 voluissemus,
1228 4305 1315 4390 quod
1330 4305 1460 4392 absque

260 4408 326 4473 ulla
348 4408 533 4476 dilatatione
556 4414 690 4476 miseras
713 4409 773 4473 has
788 4410 970 4494 provincias
986 4410 1114 4493 penitus
1130 4407 1402 4494 depopulaturum
1417 4434 1459 4475 ac

261 4524 522 4600 consumpturum
553 4516 674 4591 fuisset,
704 4522 801 4599 prout
831 4521 864 4578 et
892 4535 951 4598 ego
983 4510 1166 4596 singillatim
1196 4511 1273 4575 mihi
1304 4513 1460 4597 polliceor
