<?xml version="1.0" encoding="UTF-8"?>
<!DOCTYPE html PUBLIC "-//W3C//DTD XHTML 1.0 Transitional//EN"
    "http://www.w3.org/TR/xhtml1/DTD/xhtml1-transitional.dtd">
<html xmlns="http://www.w3.org/1999/xhtml" xml:lang="en" lang="en">
 <head>
  <title>
</title>
<meta http-equiv="Content-Type" content="text/html;charset=utf-8" />
  <meta name='ocr-system' content='tesseract 3.04.00' />
  <meta name='ocr-capabilities' content='ocr_page ocr_carea ocr_par ocr_line ocrx_word'/>
</head>
<body>
  <div class='ocr_page' id='page_1' title='image "./relationenvenet12fiedgoog/relationenvenet12fiedgoog_0685.png"; bbox 0 0 3100 5025; ppageno 0'>
   <div class='ocr_carea' id='block_1_1' title="bbox 1230 338 1293 403">
    <p class='ocr_par' dir='ltr' id='par_1_1' title="bbox 1230 338 1293 403">
     <span class='ocr_line' id='line_1_1' title="bbox 1230 338 1293 403; baseline -0.032 0"><span class='ocrx_word' id='word_1_1' title='bbox 1230 338 1293 403; x_wconf 75' lang='lat'>587</span> 
     </span>
    </p>
   </div>
   <div class='ocr_carea' id='block_1_2' title="bbox 98 529 1300 2392">
    <p class='ocr_par' dir='ltr' id='par_1_2' title="bbox 98 529 1300 2392">
     <span class='ocr_line' id='line_1_2' title="bbox 101 529 1297 617; baseline -0.002 -20"><span class='ocrx_word' id='word_1_2' title='bbox 101 530 254 597; x_wconf 77' lang='lat' dir='ltr'>studiosis</span> <span class='ocrx_word' id='word_1_3' title='bbox 283 540 402 617; x_wconf 84' lang='lat' dir='ltr'>patent.</span> <span class='ocrx_word' id='word_1_4' title='bbox 448 531 491 595; x_wconf 83' lang='lat' dir='ltr'>Et</span> <span class='ocrx_word' id='word_1_5' title='bbox 521 532 670 617; x_wconf 86' lang='lat' dir='ltr'>quamvis</span> <span class='ocrx_word' id='word_1_6' title='bbox 698 532 929 616; x_wconf 81' lang='lat' dir='ltr'>principiorum</span> <span class='ocrx_word' id='word_1_7' title='bbox 952 529 1088 596; x_wconf 75' lang='lat' dir='ltr'>classem</span> <span class='ocrx_word' id='word_1_8' title='bbox 1111 530 1189 617; x_wconf 90' lang='lat' dir='ltr'>(non</span> <span class='ocrx_word' id='word_1_9' title='bbox 1212 533 1297 595; x_wconf 89' lang='lat' dir='ltr'>enim</span> 
     </span>
     <span class='ocr_line' id='line_1_3' title="bbox 99 634 1298 721; baseline -0.003 -20"><span class='ocrx_word' id='word_1_10' title='bbox 99 636 143 701; x_wconf 86' lang='lat' dir='ltr'>ad</span> <span class='ocrx_word' id='word_1_11' title='bbox 174 635 320 701; x_wconf 88' lang='lat' dir='ltr'>altiorem</span> <span class='ocrx_word' id='word_1_12' title='bbox 349 636 408 700; x_wconf 85' lang='lat' dir='ltr'>fuit</span> <span class='ocrx_word' id='word_1_13' title='bbox 438 635 545 721; x_wconf 89' lang='lat' dir='ltr'>aptus)</span> <span class='ocrx_word' id='word_1_14' title='bbox 576 634 742 720; x_wconf 80' lang='lat' dir='ltr'>aliquoties</span> <span class='ocrx_word' id='word_1_15' title='bbox 771 635 994 720; x_wconf 84' lang='lat' dir='ltr'>frequentarit,</span> <span class='ocrx_word' id='word_1_16' title='bbox 1024 636 1088 699; x_wconf 90' lang='lat' dir='ltr'>iam</span> <span class='ocrx_word' id='word_1_17' title='bbox 1118 644 1226 700; x_wconf 84' lang='lat' dir='ltr'>tamen</span> <span class='ocrx_word' id='word_1_18' title='bbox 1250 644 1298 699; x_wconf 90' lang='lat' dir='ltr'>est</span> 
     </span>
     <span class='ocr_line' id='line_1_4' title="bbox 100 738 1296 828; baseline -0.001 -22"><span class='ocrx_word' id='word_1_19' title='bbox 100 741 318 828; x_wconf 80' lang='lat' dir='ltr'>quatriduum,</span> <span class='ocrx_word' id='word_1_20' title='bbox 341 752 378 805; x_wconf 89' lang='lat' dir='ltr'>ut</span> <span class='ocrx_word' id='word_1_21' title='bbox 398 738 549 825; x_wconf 86' lang='lat' dir='ltr'>intelligo,</span> <span class='ocrx_word' id='word_1_22' title='bbox 573 763 616 804; x_wconf 82' lang='lat' dir='ltr'>ex</span> <span class='ocrx_word' id='word_1_23' title='bbox 639 763 702 826; x_wconf 93' lang='lat' dir='ltr'>quo</span> <span class='ocrx_word' id='word_1_24' title='bbox 724 761 788 804; x_wconf 92' lang='lat' dir='ltr'>non</span> <span class='ocrx_word' id='word_1_25' title='bbox 813 749 862 804; x_wconf 87' lang='lat' dir='ltr'>est</span> <span class='ocrx_word' id='word_1_26' title='bbox 883 742 971 805; x_wconf 85' lang='lat' dir='ltr'>visus</span> <span class='ocrx_word' id='word_1_27' title='bbox 991 742 1023 804; x_wconf 91' lang='lat' dir='ltr'>in</span> <span class='ocrx_word' id='word_1_28' title='bbox 1039 739 1156 805; x_wconf 92' lang='lat' dir='ltr'>scholis</span> <span class='ocrx_word' id='word_1_29' title='bbox 1171 742 1296 805; x_wconf 90' lang='lat' dir='ltr'>nostris.</span> 
     </span>
     <span class='ocr_line' id='line_1_5' title="bbox 99 842 1297 930; baseline -0.001 -20"><span class='ocrx_word' id='word_1_30' title='bbox 99 846 243 911; x_wconf 85' lang='lat' dir='ltr'>Tantum</span> <span class='ocrx_word' id='word_1_31' title='bbox 265 843 366 929; x_wconf 90' lang='lat' dir='ltr'>abest,</span> <span class='ocrx_word' id='word_1_32' title='bbox 399 855 436 909; x_wconf 91' lang='lat' dir='ltr'>ut</span> <span class='ocrx_word' id='word_1_33' title='bbox 457 842 577 929; x_wconf 87' lang='lat' dir='ltr'>aliquid</span> <span class='ocrx_word' id='word_1_34' title='bbox 600 846 641 909; x_wconf 90' lang='lat' dir='ltr'>sit</span> <span class='ocrx_word' id='word_1_35' title='bbox 662 866 682 908; x_wconf 88' lang='lat' dir='ltr'>a</span> <span class='ocrx_word' id='word_1_36' title='bbox 704 843 797 908; x_wconf 86' lang='lat' dir='ltr'>nobis</span> <span class='ocrx_word' id='word_1_37' title='bbox 814 845 1029 927; x_wconf 90' lang='lat' dir='ltr'>commissum,</span> <span class='ocrx_word' id='word_1_38' title='bbox 1064 842 1151 909; x_wconf 91' lang='lat' dir='ltr'>unde</span> <span class='ocrx_word' id='word_1_39' title='bbox 1167 844 1297 930; x_wconf 87' lang='lat' dir='ltr'>publice</span> 
     </span>
     <span class='ocr_line' id='line_1_6' title="bbox 98 948 1298 1036; baseline -0.001 -21"><span class='ocrx_word' id='word_1_40' title='bbox 98 949 313 1036; x_wconf 86' lang='lat' dir='ltr'>tranquillitas</span> <span class='ocrx_word' id='word_1_41' title='bbox 334 948 420 1014; x_wconf 84' lang='lat' dir='ltr'>laedi</span> <span class='ocrx_word' id='word_1_42' title='bbox 442 949 494 1013; x_wconf 89' lang='lat' dir='ltr'>vcl</span> <span class='ocrx_word' id='word_1_43' title='bbox 518 950 621 1013; x_wconf 92' lang='lat' dir='ltr'>eciam</span> <span class='ocrx_word' id='word_1_44' title='bbox 645 950 802 1035; x_wconf 83' lang='lat' dir='ltr'>quispiam</span> <span class='ocrx_word' id='word_1_45' title='bbox 827 948 946 1013; x_wconf 88' lang='lat' dir='ltr'>offendi</span> <span class='ocrx_word' id='word_1_46' title='bbox 961 950 1075 1013; x_wconf 88' lang='lat' dir='ltr'>merito</span> <span class='ocrx_word' id='word_1_47' title='bbox 1090 950 1201 1035; x_wconf 86' lang='lat' dir='ltr'>possit,</span> <span class='ocrx_word' id='word_1_48' title='bbox 1224 971 1298 1014; x_wconf 92' lang='lat' dir='ltr'>cum</span> 
     </span>
     <span class='ocr_line' id='line_1_7' title="bbox 100 1052 1295 1140; baseline -0.002 -20"><span class='ocrx_word' id='word_1_49' title='bbox 100 1056 262 1120; x_wconf 81' lang='lat' dir='ltr'>soleamus</span> <span class='ocrx_word' id='word_1_50' title='bbox 285 1076 335 1138; x_wconf 86' lang='lat' dir='ltr'>ca,</span> <span class='ocrx_word' id='word_1_51' title='bbox 359 1076 441 1140; x_wconf 88' lang='lat' dir='ltr'>quae</span> <span class='ocrx_word' id='word_1_52' title='bbox 464 1055 554 1139; x_wconf 89' lang='lat' dir='ltr'>pacis</span> <span class='ocrx_word' id='word_1_53' title='bbox 578 1063 610 1117; x_wconf 92' lang='lat' dir='ltr'>et</span> <span class='ocrx_word' id='word_1_54' title='bbox 632 1052 863 1119; x_wconf 85' lang='lat' dir='ltr'>aedificationis</span> <span class='ocrx_word' id='word_1_55' title='bbox 886 1063 969 1137; x_wconf 90' lang='lat' dir='ltr'>sunt,</span> <span class='ocrx_word' id='word_1_56' title='bbox 993 1052 1131 1121; x_wconf 79' lang='lat' dir='ltr'>libenter</span> <span class='ocrx_word' id='word_1_57' title='bbox 1151 1055 1295 1119; x_wconf 87' lang='lat' dir='ltr'>scrutari.</span> 
     </span>
     <span class='ocr_line' id='line_1_8' title="bbox 99 1156 1298 1245; baseline -0.002 -20"><span class='ocrx_word' id='word_1_58' title='bbox 99 1160 217 1245; x_wconf 85' lang='lat' dir='ltr'>Itaque</span> <span class='ocrx_word' id='word_1_59' title='bbox 247 1180 322 1223; x_wconf 92' lang='lat' dir='ltr'>cum</span> <span class='ocrx_word' id='word_1_60' title='bbox 350 1156 438 1244; x_wconf 88' lang='lat' dir='ltr'>apud</span> <span class='ocrx_word' id='word_1_61' title='bbox 468 1178 526 1222; x_wconf 92' lang='lat' dir='ltr'>nos</span> <span class='ocrx_word' id='word_1_62' title='bbox 555 1160 685 1223; x_wconf 89' lang='lat' dir='ltr'>minime</span> <span class='ocrx_word' id='word_1_63' title='bbox 709 1157 900 1242; x_wconf 87' lang='lat' dir='ltr'>detineatur,</span> <span class='ocrx_word' id='word_1_64' title='bbox 923 1180 985 1223; x_wconf 92' lang='lat' dir='ltr'>nec</span> <span class='ocrx_word' id='word_1_65' title='bbox 1007 1158 1104 1223; x_wconf 85' lang='lat' dir='ltr'>fuerit</span> <span class='ocrx_word' id='word_1_66' title='bbox 1126 1168 1222 1225; x_wconf 87' lang='lat' dir='ltr'>antea</span> <span class='ocrx_word' id='word_1_67' title='bbox 1245 1157 1298 1223; x_wconf 93' lang='lat' dir='ltr'>de·</span> 
     </span>
     <span class='ocr_line' id='line_1_9' title="bbox 99 1261 1296 1348; baseline -0.001 -20"><span class='ocrx_word' id='word_1_68' title='bbox 99 1273 209 1329; x_wconf 89' lang='lat' dir='ltr'>tentus</span> <span class='ocrx_word' id='word_1_69' title='bbox 224 1261 276 1327; x_wconf 93' lang='lat' dir='ltr'>ille</span> <span class='ocrx_word' id='word_1_70' title='bbox 299 1284 389 1347; x_wconf 89' lang='lat' dir='ltr'>puer,</span> <span class='ocrx_word' id='word_1_71' title='bbox 414 1284 475 1326; x_wconf 89' lang='lat' dir='ltr'>nec</span> <span class='ocrx_word' id='word_1_72' title='bbox 498 1261 595 1327; x_wconf 90' lang='lat' dir='ltr'>ullam</span> <span class='ocrx_word' id='word_1_73' title='bbox 617 1261 699 1326; x_wconf 90' lang='lat' dir='ltr'>illius</span> <span class='ocrx_word' id='word_1_74' title='bbox 723 1284 835 1326; x_wconf 90' lang='lat' dir='ltr'>curam</span> <span class='ocrx_word' id='word_1_75' title='bbox 858 1264 1104 1348; x_wconf 85' lang='lat' dir='ltr'>susceperimus,</span> <span class='ocrx_word' id='word_1_76' title='bbox 1128 1264 1187 1327; x_wconf 89' lang='lat' dir='ltr'>nisi</span> <span class='ocrx_word' id='word_1_77' title='bbox 1211 1262 1296 1348; x_wconf 89' lang='lat' dir='ltr'>quod</span> 
     </span>
     <span class='ocr_line' id='line_1_10' title="bbox 101 1364 1296 1452; baseline -0.003 -19"><span class='ocrx_word' id='word_1_78' title='bbox 101 1370 143 1433; x_wconf 89' lang='lat' dir='ltr'>sit</span> <span class='ocrx_word' id='word_1_79' title='bbox 164 1366 252 1432; x_wconf 88' lang='lat' dir='ltr'>facta</span> <span class='ocrx_word' id='word_1_80' title='bbox 273 1365 317 1430; x_wconf 92' lang='lat' dir='ltr'>illi</span> <span class='ocrx_word' id='word_1_81' title='bbox 339 1364 470 1433; x_wconf 89' lang='lat' dir='ltr'>libertas</span> <span class='ocrx_word' id='word_1_82' title='bbox 492 1365 644 1430; x_wconf 81' lang='lat' dir='ltr'>visitandi</span> <span class='ocrx_word' id='word_1_83' title='bbox 666 1365 803 1449; x_wconf 87' lang='lat' dir='ltr'>scholas,</span> <span class='ocrx_word' id='word_1_84' title='bbox 826 1364 966 1431; x_wconf 89' lang='lat' dir='ltr'>viderint</span> <span class='ocrx_word' id='word_1_85' title='bbox 988 1366 1042 1449; x_wconf 90' lang='lat' dir='ltr'>illi,</span> <span class='ocrx_word' id='word_1_86' title='bbox 1066 1366 1108 1431; x_wconf 90' lang='lat' dir='ltr'>ad</span> <span class='ocrx_word' id='word_1_87' title='bbox 1132 1388 1211 1452; x_wconf 88' lang='lat' dir='ltr'>quos</span> <span class='ocrx_word' id='word_1_88' title='bbox 1227 1388 1296 1451; x_wconf 89' lang='lat' dir='ltr'>per·</span> 
     </span>
     <span class='ocr_line' id='line_1_11' title="bbox 100 1469 1298 1556; baseline -0.001 -20"><span class='ocrx_word' id='word_1_89' title='bbox 100 1473 191 1555; x_wconf 90' lang='lat' dir='ltr'>tinet,</span> <span class='ocrx_word' id='word_1_90' title='bbox 221 1470 278 1536; x_wconf 91' lang='lat' dir='ltr'>ubi</span> <span class='ocrx_word' id='word_1_91' title='bbox 307 1470 406 1535; x_wconf 88' lang='lat' dir='ltr'>lateat</span> <span class='ocrx_word' id='word_1_92' title='bbox 428 1470 480 1535; x_wconf 90' lang='lat' dir='ltr'>vel</span> <span class='ocrx_word' id='word_1_93' title='bbox 504 1469 581 1556; x_wconf 93' lang='lat' dir='ltr'>quid</span> <span class='ocrx_word' id='word_1_94' title='bbox 603 1479 681 1555; x_wconf 84' lang='lat' dir='ltr'>agat</span> <span class='ocrx_word' id='word_1_95' title='bbox 703 1480 735 1535; x_wconf 90' lang='lat' dir='ltr'>et</span> <span class='ocrx_word' id='word_1_96' title='bbox 757 1493 800 1535; x_wconf 89' lang='lat' dir='ltr'>an</span> <span class='ocrx_word' id='word_1_97' title='bbox 824 1493 897 1536; x_wconf 90' lang='lat' dir='ltr'>eum</span> <span class='ocrx_word' id='word_1_98' title='bbox 920 1492 1075 1536; x_wconf 86' lang='lat' dir='ltr'>revocare</span> <span class='ocrx_word' id='word_1_99' title='bbox 1098 1470 1209 1536; x_wconf 81' lang='lat' dir='ltr'>velint.</span> <span class='ocrx_word' id='word_1_100' title='bbox 1246 1471 1298 1536; x_wconf 91' lang='lat' dir='ltr'>In-</span> 
     </span>
     <span class='ocr_line' id='line_1_12' title="bbox 102 1574 1298 1663; baseline -0.002 -22"><span class='ocrx_word' id='word_1_101' title='bbox 102 1576 213 1641; x_wconf 87' lang='lat' dir='ltr'>tellexi</span> <span class='ocrx_word' id='word_1_102' title='bbox 244 1575 375 1662; x_wconf 91' lang='lat' dir='ltr'>quidem</span> <span class='ocrx_word' id='word_1_103' title='bbox 405 1598 479 1641; x_wconf 89' lang='lat' dir='ltr'>eum</span> <span class='ocrx_word' id='word_1_104' title='bbox 510 1574 623 1639; x_wconf 89' lang='lat' dir='ltr'>diebus</span> <span class='ocrx_word' id='word_1_105' title='bbox 653 1578 814 1661; x_wconf 89' lang='lat' dir='ltr'>preteritis</span> <span class='ocrx_word' id='word_1_106' title='bbox 845 1578 877 1640; x_wconf 93' lang='lat' dir='ltr'>in</span> <span class='ocrx_word' id='word_1_107' title='bbox 908 1578 1041 1663; x_wconf 87' lang='lat' dir='ltr'>antiqua</span> <span class='ocrx_word' id='word_1_108' title='bbox 1063 1575 1172 1641; x_wconf 87' lang='lat' dir='ltr'>schola</span> <span class='ocrx_word' id='word_1_109' title='bbox 1195 1577 1298 1641; x_wconf 90' lang='lat' dir='ltr'>civica</span> 
     </span>
     <span class='ocr_line' id='line_1_13' title="bbox 101 1678 1298 1767; baseline 0 -23"><span class='ocrx_word' id='word_1_110' title='bbox 101 1679 207 1767; x_wconf 90' lang='lat' dir='ltr'>(cuius</span> <span class='ocrx_word' id='word_1_111' title='bbox 229 1679 427 1765; x_wconf 87' lang='lat' dir='ltr'>gubernacio</span> <span class='ocrx_word' id='word_1_112' title='bbox 450 1702 513 1744; x_wconf 89' lang='lat' dir='ltr'>non</span> <span class='ocrx_word' id='word_1_113' title='bbox 536 1688 661 1765; x_wconf 90' lang='lat' dir='ltr'>spectat</span> <span class='ocrx_word' id='word_1_114' title='bbox 675 1678 717 1743; x_wconf 92' lang='lat' dir='ltr'>ad</span> <span class='ocrx_word' id='word_1_115' title='bbox 737 1682 810 1759; x_wconf 82' lang='lat' dir='ltr'>nos)</span> <span class='ocrx_word' id='word_1_116' title='bbox 835 1680 1029 1766; x_wconf 79' lang='lat' dir='ltr'>hospitatum</span> <span class='ocrx_word' id='word_1_117' title='bbox 1052 1681 1161 1765; x_wconf 88' lang='lat' dir='ltr'>fuisse,</span> <span class='ocrx_word' id='word_1_118' title='bbox 1184 1703 1298 1745; x_wconf 89' lang='lat' dir='ltr'>verum</span> 
     </span>
     <span class='ocr_line' id='line_1_14' title="bbox 101 1782 1300 1869; baseline -0.001 -20"><span class='ocrx_word' id='word_1_119' title='bbox 101 1807 145 1849; x_wconf 91' lang='lat' dir='ltr'>an</span> <span class='ocrx_word' id='word_1_120' title='bbox 167 1782 276 1849; x_wconf 90' lang='lat' dir='ltr'>adhuc</span> <span class='ocrx_word' id='word_1_121' title='bbox 298 1783 343 1848; x_wconf 92' lang='lat' dir='ltr'>ibi</span> <span class='ocrx_word' id='word_1_122' title='bbox 366 1782 419 1849; x_wconf 90' lang='lat' dir='ltr'>vel</span> <span class='ocrx_word' id='word_1_123' title='bbox 441 1782 496 1848; x_wconf 88' lang='lat' dir='ltr'>ubi</span> <span class='ocrx_word' id='word_1_124' title='bbox 520 1782 617 1868; x_wconf 86' lang='lat' dir='ltr'>degat</span> <span class='ocrx_word' id='word_1_125' title='bbox 639 1782 744 1869; x_wconf 92' lang='lat' dir='ltr'>modo,</span> <span class='ocrx_word' id='word_1_126' title='bbox 768 1806 819 1848; x_wconf 91' lang='lat' dir='ltr'>me</span> <span class='ocrx_word' id='word_1_127' title='bbox 843 1786 969 1869; x_wconf 90' lang='lat' dir='ltr'>penitus</span> <span class='ocrx_word' id='word_1_128' title='bbox 991 1783 1077 1849; x_wconf 89' lang='lat' dir='ltr'>latet.</span> <span class='ocrx_word' id='word_1_129' title='bbox 1116 1785 1208 1849; x_wconf 90' lang='lat' dir='ltr'>Haec</span> <span class='ocrx_word' id='word_1_130' title='bbox 1224 1785 1300 1849; x_wconf 91' lang='lat' dir='ltr'>licet</span> 
     </span>
     <span class='ocr_line' id='line_1_15' title="bbox 102 1888 1298 1975; baseline 0 -22"><span class='ocrx_word' id='word_1_131' title='bbox 102 1898 252 1954; x_wconf 89' lang='lat' dir='ltr'>oretenus</span> <span class='ocrx_word' id='word_1_132' title='bbox 275 1911 334 1975; x_wconf 87' lang='lat' dir='ltr'>per</span> <span class='ocrx_word' id='word_1_133' title='bbox 357 1912 439 1972; x_wconf 91' lang='lat' dir='ltr'>cum,</span> <span class='ocrx_word' id='word_1_134' title='bbox 464 1889 518 1974; x_wconf 92' lang='lat' dir='ltr'>qui</span> <span class='ocrx_word' id='word_1_135' title='bbox 539 1888 648 1953; x_wconf 82' lang='lat' dir='ltr'>literas</span> <span class='ocrx_word' id='word_1_136' title='bbox 670 1897 742 1952; x_wconf 87' lang='lat' dir='ltr'>tuas</span> <span class='ocrx_word' id='word_1_137' title='bbox 765 1888 878 1971; x_wconf 89' lang='lat' dir='ltr'>attulit,</span> <span class='ocrx_word' id='word_1_138' title='bbox 901 1888 959 1953; x_wconf 90' lang='lat' dir='ltr'>tibi</span> <span class='ocrx_word' id='word_1_139' title='bbox 982 1888 1201 1973; x_wconf 89' lang='lat' dir='ltr'>significarim,</span> <span class='ocrx_word' id='word_1_140' title='bbox 1225 1910 1298 1953; x_wconf 89' lang='lat' dir='ltr'>cum</span> 
     </span>
     <span class='ocr_line' id='line_1_16' title="bbox 103 1990 1298 2078; baseline -0.002 -21"><span class='ocrx_word' id='word_1_141' title='bbox 103 1992 268 2058; x_wconf 88' lang='lat' dir='ltr'>scribendi</span> <span class='ocrx_word' id='word_1_142' title='bbox 290 1992 378 2058; x_wconf 89' lang='lat' dir='ltr'>nulla</span> <span class='ocrx_word' id='word_1_143' title='bbox 400 1990 576 2058; x_wconf 87' lang='lat' dir='ltr'>comoditas</span> <span class='ocrx_word' id='word_1_144' title='bbox 599 2002 692 2075; x_wconf 88' lang='lat' dir='ltr'>esset,</span> <span class='ocrx_word' id='word_1_145' title='bbox 716 1991 814 2058; x_wconf 86' lang='lat' dir='ltr'>velim</span> <span class='ocrx_word' id='word_1_146' title='bbox 837 2002 944 2057; x_wconf 85' lang='lat' dir='ltr'>tamen</span> <span class='ocrx_word' id='word_1_147' title='bbox 962 1991 1077 2056; x_wconf 92' lang='lat' dir='ltr'>eadem</span> <span class='ocrx_word' id='word_1_148' title='bbox 1094 2015 1221 2078; x_wconf 90' lang='lat' dir='ltr'>quoque</span> <span class='ocrx_word' id='word_1_149' title='bbox 1236 1992 1298 2057; x_wconf 90' lang='lat' dir='ltr'>hoc</span> 
     </span>
     <span class='ocr_line' id='line_1_17' title="bbox 102 2096 1298 2184; baseline -0.003 -20"><span class='ocrx_word' id='word_1_150' title='bbox 102 2099 221 2184; x_wconf 90' lang='lat' dir='ltr'>scripto</span> <span class='ocrx_word' id='word_1_151' title='bbox 237 2098 414 2181; x_wconf 86' lang='lat' dir='ltr'>declarare,</span> <span class='ocrx_word' id='word_1_152' title='bbox 438 2120 501 2183; x_wconf 92' lang='lat' dir='ltr'>quo</span> <span class='ocrx_word' id='word_1_153' title='bbox 516 2099 636 2162; x_wconf 88' lang='lat' dir='ltr'>rectius</span> <span class='ocrx_word' id='word_1_154' title='bbox 650 2098 812 2182; x_wconf 85' lang='lat' dir='ltr'>magistris</span> <span class='ocrx_word' id='word_1_155' title='bbox 829 2096 965 2161; x_wconf 87' lang='lat' dir='ltr'>dominis</span> <span class='ocrx_word' id='word_1_156' title='bbox 981 2096 1161 2181; x_wconf 83' lang='lat' dir='ltr'>ordinariis,</span> <span class='ocrx_word' id='word_1_157' title='bbox 1182 2096 1298 2183; x_wconf 87' lang='lat' dir='ltr'>quibus</span> 
     </span>
     <span class='ocr_line' id='line_1_18' title="bbox 102 2200 1299 2288; baseline -0.001 -21"><span class='ocrx_word' id='word_1_158' title='bbox 102 2204 211 2268; x_wconf 89' lang='lat' dir='ltr'>omnia</span> <span class='ocrx_word' id='word_1_159' title='bbox 241 2202 444 2267; x_wconf 89' lang='lat' dir='ltr'>foelicissima</span> <span class='ocrx_word' id='word_1_160' title='bbox 472 2223 598 2288; x_wconf 83' lang='lat' dir='ltr'>precor,</span> <span class='ocrx_word' id='word_1_161' title='bbox 632 2211 764 2286; x_wconf 87' lang='lat' dir='ltr'>possent</span> <span class='ocrx_word' id='word_1_162' title='bbox 786 2200 909 2267; x_wconf 84' lang='lat' dir='ltr'>referri.</span> <span class='ocrx_word' id='word_1_163' title='bbox 944 2200 1035 2266; x_wconf 89' lang='lat' dir='ltr'>Vale.</span> <span class='ocrx_word' id='word_1_164' title='bbox 1071 2200 1210 2287; x_wconf 86' lang='lat' dir='ltr'>Raptim.</span> <span class='ocrx_word' id='word_1_165' title='bbox 1245 2200 1299 2266; x_wconf 84' lang='lat' dir='ltr'>Ex</span> 
     </span>
     <span class='ocr_line' id='line_1_19' title="bbox 104 2304 857 2392; baseline -0.003 -20"><span class='ocrx_word' id='word_1_166' title='bbox 104 2306 305 2373; x_wconf 89' lang='lat' dir='ltr'>archiducali</span> <span class='ocrx_word' id='word_1_167' title='bbox 328 2305 461 2391; x_wconf 87' lang='lat' dir='ltr'>collegio</span> <span class='ocrx_word' id='word_1_168' title='bbox 484 2304 588 2392; x_wconf 89' lang='lat' dir='ltr'>pridie</span> <span class='ocrx_word' id='word_1_169' title='bbox 611 2305 684 2370; x_wconf 89' lang='lat' dir='ltr'>Kal.</span> <span class='ocrx_word' id='word_1_170' title='bbox 701 2306 780 2391; x_wconf 88' lang='lat' dir='ltr'>Maij</span> <span class='ocrx_word' id='word_1_171' title='bbox 806 2304 857 2370; x_wconf 79' lang='lat' dir='ltr'>li.</span> 
     </span>
    </p>
   </div>
   <div class='ocr_carea' id='block_1_3' title="bbox 863 2425 1255 2515">
    <p class='ocr_par' dir='ltr' id='par_1_3' title="bbox 863 2425 1255 2515">
     <span class='ocr_line' id='line_1_20' title="bbox 863 2425 1255 2515; baseline 0 -24"><span class='ocrx_word' id='word_1_172' title='bbox 863 2426 1024 2491; x_wconf 91' lang='lat' dir='ltr'>chricus</span> <span class='ocrx_word' id='word_1_173' title='bbox 1047 2425 1255 2515; x_wconf 87' lang='lat' dir='ltr'>Blyssemius.</span> 
     </span>
    </p>
   </div>
   <div class='ocr_carea' id='block_1_4' title="bbox 663 2551 737 2616">
    <p class='ocr_par' dir='ltr' id='par_1_4' title="bbox 663 2551 737 2616">
     <span class='ocr_line' id='line_1_21' title="bbox 663 2551 737 2616; baseline 0.014 -1"><span class='ocrx_word' id='word_1_174' title='bbox 663 2551 737 2616; x_wconf 80' lang='lat'>465.</span> 
     </span>
    </p>
   </div>
   <div class='ocr_carea' id='block_1_5' title="bbox 102 2687 1299 2860">
    <p class='ocr_par' dir='ltr' id='par_1_5' title="bbox 102 2687 1299 2860">
     <span class='ocr_line' id='line_1_22' title="bbox 102 2687 1299 2773; baseline 0.001 -18"><span class='ocrx_word' id='word_1_175' title='bbox 102 2690 285 2773; x_wconf 67' lang='lat' dir='ltr'>Erahasop</span> <span class='ocrx_word' id='word_1_176' title='bbox 313 2691 401 2756; x_wconf 83' lang='lat' dir='ltr'>Korl</span> <span class='ocrx_word' id='word_1_177' title='bbox 429 2691 530 2773; x_wconf 69' lang='lat' dir='ltr'>stitiet</span> <span class='ocrx_word' id='word_1_178' title='bbox 559 2691 611 2754; x_wconf 79' lang='lat' dir='ltr'>die</span> <span class='ocrx_word' id='word_1_179' title='bbox 642 2689 838 2757; x_wconf 79' lang='lat' dir='ltr'>Unicereitc&#39;it</span> <span class='ocrx_word' id='word_1_180' title='bbox 872 2693 907 2756; x_wconf 80' lang='lat' dir='ltr'>ia</span> <span class='ocrx_word' id='word_1_181' title='bbox 936 2690 1034 2757; x_wconf 75' lang='lat' dir='ltr'>Grae.</span> <span class='ocrx_word' id='word_1_182' title='bbox 1081 2687 1179 2772; x_wconf 74' lang='lat' dir='ltr'>Grae,</span> <span class='ocrx_word' id='word_1_183' title='bbox 1214 2692 1299 2758; x_wconf 83' lang='lat'><strong><em>1565</em></strong></span> 
     </span>
     <span class='ocr_line' id='line_1_23' title="bbox 610 2794 795 2860; baseline 0.005 -1"><span class='ocrx_word' id='word_1_184' title='bbox 610 2794 743 2860; x_wconf 79' lang='lat' dir='ltr'>Jaauar</span> <span class='ocrx_word' id='word_1_185' title='bbox 763 2799 795 2860; x_wconf 86' lang='lat'>1.</span> 
     </span>
    </p>
   </div>
   <div class='ocr_carea' id='block_1_6' title="bbox 262 2933 1149 3000">
    <p class='ocr_par' dir='ltr' id='par_1_6' title="bbox 262 2933 1149 3000">
     <span class='ocr_line' id='line_1_24' title="bbox 262 2933 1149 3000; baseline -0.001 -15"><span class='ocrx_word' id='word_1_186' title='bbox 262 2934 300 3000; x_wconf 80' lang='grc'>(8.</span> <span class='ocrx_word' id='word_1_187' title='bbox 312 2951 339 2984; x_wconf 78' lang='lat' dir='ltr'>v.</span> <span class='ocrx_word' id='word_1_188' title='bbox 352 2935 466 2996; x_wconf 79' lang='lat' dir='ltr'>Krousa,</span> <span class='ocrx_word' id='word_1_189' title='bbox 485 2933 581 2986; x_wconf 77' lang='lat' dir='ltr'>Gesch.</span> <span class='ocrx_word' id='word_1_190' title='bbox 594 2933 641 2985; x_wconf 87' lang='lat' dir='ltr'>der</span> <span class='ocrx_word' id='word_1_191' title='bbox 659 2935 760 2986; x_wconf 80' lang='lat' dir='ltr'>Graser</span> <span class='ocrx_word' id='word_1_192' title='bbox 778 2933 956 2995; x_wconf 79' lang='lat' dir='ltr'>Universittt,</span> <span class='ocrx_word' id='word_1_193' title='bbox 973 2933 999 2984; x_wconf 80' lang='lat' dir='ltr'>S.</span> <span class='ocrx_word' id='word_1_194' title='bbox 1013 2933 1149 3000; x_wconf 66' lang='lat' dir='ltr'>multoe.)</span> 
     </span>
    </p>
   </div>
   <div class='ocr_carea' id='block_1_7' title="bbox 102 3070 1302 4282">
    <p class='ocr_par' dir='ltr' id='par_1_7' title="bbox 102 3070 1302 4282">
     <span class='ocr_line' id='line_1_25' title="bbox 208 3070 1300 3157; baseline -0.002 -19"><span class='ocrx_word' id='word_1_195' title='bbox 208 3073 273 3138; x_wconf 89' lang='lat' dir='ltr'>Die</span> <span class='ocrx_word' id='word_1_196' title='bbox 294 3073 495 3140; x_wconf 83' lang='lat' dir='ltr'>Universitttt</span> <span class='ocrx_word' id='word_1_197' title='bbox 517 3071 598 3137; x_wconf 86' lang='lat' dir='ltr'>wird</span> <span class='ocrx_word' id='word_1_198' title='bbox 620 3071 775 3157; x_wconf 82' lang='lat' dir='ltr'>gestiftet:</span> <span class='ocrx_word' id='word_1_199' title='bbox 807 3081 853 3156; x_wconf 90' lang='lat' dir='ltr'>‚ut</span> <span class='ocrx_word' id='word_1_200' title='bbox 874 3070 1015 3157; x_wconf 86' lang='lat' dir='ltr'>religio</span> <span class='ocrx_word' id='word_1_201' title='bbox 1038 3074 1157 3156; x_wconf 86' lang='lat' dir='ltr'>avita,</span> <span class='ocrx_word' id='word_1_202' title='bbox 1182 3073 1300 3136; x_wconf 84' lang='lat' dir='ltr'>ortho</span> 
     </span>
     <span class='ocr_line' id='line_1_26' title="bbox 105 3175 1299 3264; baseline -0.003 -22"><span class='ocrx_word' id='word_1_203' title='bbox 105 3177 205 3242; x_wconf 87' lang='lat' dir='ltr'>doxa</span> <span class='ocrx_word' id='word_1_204' title='bbox 229 3187 261 3243; x_wconf 92' lang='lat' dir='ltr'>et</span> <span class='ocrx_word' id='word_1_205' title='bbox 277 3177 443 3261; x_wconf 88' lang='lat' dir='ltr'>catholica,</span> <span class='ocrx_word' id='word_1_206' title='bbox 466 3199 558 3264; x_wconf 88' lang='lat' dir='ltr'>pura,</span> <span class='ocrx_word' id='word_1_207' title='bbox 574 3180 700 3263; x_wconf 86' lang='lat' dir='ltr'>integra</span> <span class='ocrx_word' id='word_1_208' title='bbox 715 3186 748 3240; x_wconf 87' lang='lat' dir='ltr'>et</span> <span class='ocrx_word' id='word_1_209' title='bbox 763 3178 948 3262; x_wconf 87' lang='lat' dir='ltr'>incorrupta</span> <span class='ocrx_word' id='word_1_210' title='bbox 963 3175 1083 3262; x_wconf 90' lang='lat' dir='ltr'>ubique</span> <span class='ocrx_word' id='word_1_211' title='bbox 1099 3177 1299 3241; x_wconf 81' lang='lat' dir='ltr'>retineretur‘</span> 
     </span>
     <span class='ocr_line' id='line_1_27' title="bbox 104 3276 1300 3367; baseline -0.003 -21"><span class='ocrx_word' id='word_1_212' title='bbox 104 3281 248 3346; x_wconf 90' lang='lat' dir='ltr'>...Nos</span> <span class='ocrx_word' id='word_1_213' title='bbox 266 3333 273 3345; x_wconf 92' lang='lat'>.</span> <span class='ocrx_word' id='word_1_214' title='bbox 291 3333 298 3346; x_wconf 94' lang='lat'>.</span> <span class='ocrx_word' id='word_1_215' title='bbox 316 3334 322 3346; x_wconf 91' lang='lat'><em>.</em></span> <span class='ocrx_word' id='word_1_216' title='bbox 339 3281 416 3346; x_wconf 91' lang='lat' dir='ltr'>nihil</span> <span class='ocrx_word' id='word_1_217' title='bbox 450 3283 610 3367; x_wconf 89' lang='lat' dir='ltr'>antiquius</span> <span class='ocrx_word' id='word_1_218' title='bbox 643 3279 801 3345; x_wconf 89' lang='lat' dir='ltr'>habentes</span> <span class='ocrx_word' id='word_1_219' title='bbox 836 3302 933 3366; x_wconf 86' lang='lat' dir='ltr'>quam</span> <span class='ocrx_word' id='word_1_220' title='bbox 967 3292 1001 3345; x_wconf 90' lang='lat' dir='ltr'>ut</span> <span class='ocrx_word' id='word_1_221' title='bbox 1034 3279 1147 3344; x_wconf 90' lang='lat' dir='ltr'>fideles</span> <span class='ocrx_word' id='word_1_222' title='bbox 1181 3276 1300 3344; x_wconf 90' lang='lat' dir='ltr'>subditi</span> 
     </span>
     <span class='ocr_line' id='line_1_28' title="bbox 103 3382 1300 3470; baseline -0.003 -21"><span class='ocrx_word' id='word_1_223' title='bbox 103 3388 215 3470; x_wconf 88' lang='lat' dir='ltr'>nostri,</span> <span class='ocrx_word' id='word_1_224' title='bbox 246 3407 380 3470; x_wconf 90' lang='lat' dir='ltr'>quorum</span> <span class='ocrx_word' id='word_1_225' title='bbox 411 3388 533 3450; x_wconf 90' lang='lat' dir='ltr'>animos</span> <span class='ocrx_word' id='word_1_226' title='bbox 567 3385 680 3450; x_wconf 88' lang='lat' dir='ltr'>horum</span> <span class='ocrx_word' id='word_1_227' title='bbox 703 3387 818 3450; x_wconf 88' lang='lat' dir='ltr'>iniuria</span> <span class='ocrx_word' id='word_1_228' title='bbox 841 3394 1021 3470; x_wconf 86' lang='lat' dir='ltr'>temporum</span> <span class='ocrx_word' id='word_1_229' title='bbox 1037 3394 1069 3449; x_wconf 91' lang='lat' dir='ltr'>et</span> <span class='ocrx_word' id='word_1_230' title='bbox 1083 3382 1300 3469; x_wconf 90' lang='lat' dir='ltr'>improborum</span> 
     </span>
     <span class='ocr_line' id='line_1_29' title="bbox 102 3486 1300 3575; baseline -0.002 -22"><span class='ocrx_word' id='word_1_231' title='bbox 102 3488 399 3574; x_wconf 83' lang='lat' dir='ltr'>flagitiosorumque</span> <span class='ocrx_word' id='word_1_232' title='bbox 430 3489 594 3554; x_wconf 88' lang='lat' dir='ltr'>hominum</span> <span class='ocrx_word' id='word_1_233' title='bbox 624 3491 739 3575; x_wconf 91' lang='lat' dir='ltr'>iniquis</span> <span class='ocrx_word' id='word_1_234' title='bbox 767 3489 880 3554; x_wconf 85' lang='lat' dir='ltr'>studiis</span> <span class='ocrx_word' id='word_1_235' title='bbox 903 3511 921 3552; x_wconf 91' lang='lat' dir='ltr'>e</span> <span class='ocrx_word' id='word_1_236' title='bbox 944 3489 1070 3574; x_wconf 89' lang='lat' dir='ltr'>pietatis</span> <span class='ocrx_word' id='word_1_237' title='bbox 1094 3486 1171 3552; x_wconf 90' lang='lat' dir='ltr'>sede</span> <span class='ocrx_word' id='word_1_238' title='bbox 1195 3486 1300 3552; x_wconf 91' lang='lat' dir='ltr'>detur-</span> 
     </span>
     <span class='ocr_line' id='line_1_30' title="bbox 103 3591 1300 3678; baseline -0.001 -23"><span class='ocrx_word' id='word_1_239' title='bbox 103 3600 208 3678; x_wconf 89' lang='lat' dir='ltr'>patos‚</span> <span class='ocrx_word' id='word_1_240' title='bbox 231 3602 382 3657; x_wconf 83' lang='lat' dir='ltr'>nontam</span> <span class='ocrx_word' id='word_1_241' title='bbox 411 3593 503 3657; x_wconf 89' lang='lat' dir='ltr'>bonis</span> <span class='ocrx_word' id='word_1_242' title='bbox 534 3591 676 3657; x_wconf 91' lang='lat' dir='ltr'>moribus</span> <span class='ocrx_word' id='word_1_243' title='bbox 706 3591 856 3675; x_wconf 90' lang='lat' dir='ltr'>imbutos,</span> <span class='ocrx_word' id='word_1_244' title='bbox 888 3613 985 3678; x_wconf 90' lang='lat' dir='ltr'>quam</span> <span class='ocrx_word' id='word_1_245' title='bbox 1013 3593 1132 3656; x_wconf 87' lang='lat' dir='ltr'>variis</span> <span class='ocrx_word' id='word_1_246' title='bbox 1163 3592 1300 3677; x_wconf 91' lang='lat' dir='ltr'>opinio-</span> 
     </span>
     <span class='ocr_line' id='line_1_31' title="bbox 104 3694 1300 3783; baseline -0.002 -23"><span class='ocrx_word' id='word_1_247' title='bbox 104 3719 192 3761; x_wconf 88' lang='lat' dir='ltr'>num</span> <span class='ocrx_word' id='word_1_248' title='bbox 215 3696 495 3783; x_wconf 89' lang='lat' dir='ltr'>haeresumque</span> <span class='ocrx_word' id='word_1_249' title='bbox 518 3697 716 3761; x_wconf 89' lang='lat' dir='ltr'>erroribus</span> <span class='ocrx_word' id='word_1_250' title='bbox 739 3698 813 3760; x_wconf 90' lang='lat' dir='ltr'>iam</span> <span class='ocrx_word' id='word_1_251' title='bbox 840 3706 917 3761; x_wconf 88' lang='lat' dir='ltr'>tum</span> <span class='ocrx_word' id='word_1_252' title='bbox 950 3698 1088 3760; x_wconf 92' lang='lat' dir='ltr'>misere</span> <span class='ocrx_word' id='word_1_253' title='bbox 1120 3694 1300 3759; x_wconf 82' lang='lat' dir='ltr'>deforma·</span> 
     </span>
     <span class='ocr_line' id='line_1_32' title="bbox 104 3800 1300 3887; baseline -0.002 -21"><span class='ocrx_word' id='word_1_254' title='bbox 104 3811 163 3866; x_wconf 90' lang='lat' dir='ltr'>tos</span> <span class='ocrx_word' id='word_1_255' title='bbox 185 3823 248 3865; x_wconf 92' lang='lat' dir='ltr'>non</span> <span class='ocrx_word' id='word_1_256' title='bbox 272 3803 341 3865; x_wconf 91' lang='lat' dir='ltr'>sinc</span> <span class='ocrx_word' id='word_1_257' title='bbox 365 3824 482 3887; x_wconf 85' lang='lat' dir='ltr'>magno</span> <span class='ocrx_word' id='word_1_258' title='bbox 504 3803 602 3866; x_wconf 87' lang='lat' dir='ltr'>animi</span> <span class='ocrx_word' id='word_1_259' title='bbox 625 3800 735 3866; x_wconf 92' lang='lat' dir='ltr'>dolore</span> <span class='ocrx_word' id='word_1_260' title='bbox 759 3801 1046 3887; x_wconf 81' lang='lat' dir='ltr'>conspiciebamus,</span> <span class='ocrx_word' id='word_1_261' title='bbox 1077 3803 1109 3865; x_wconf 92' lang='lat' dir='ltr'>in</span> <span class='ocrx_word' id='word_1_262' title='bbox 1132 3801 1300 3886; x_wconf 90' lang='lat' dir='ltr'>pristinum</span> 
     </span>
     <span class='ocr_line' id='line_1_33' title="bbox 104 3903 1301 3992; baseline 0 -23"><span class='ocrx_word' id='word_1_263' title='bbox 104 3906 231 3991; x_wconf 87' lang='lat' dir='ltr'>pietatis</span> <span class='ocrx_word' id='word_1_264' title='bbox 246 3904 353 3969; x_wconf 90' lang='lat' dir='ltr'>locum</span> <span class='ocrx_word' id='word_1_265' title='bbox 368 3903 593 3991; x_wconf 88' lang='lat' dir='ltr'>religionisque</span> <span class='ocrx_word' id='word_1_266' title='bbox 610 3905 787 3969; x_wconf 86' lang='lat' dir='ltr'>catholicae</span> <span class='ocrx_word' id='word_1_267' title='bbox 803 3903 1008 3992; x_wconf 90' lang='lat' dir='ltr'>splendorem</span> <span class='ocrx_word' id='word_1_268' title='bbox 1026 3957 1031 3969; x_wconf 93' lang='lat'><em>.</em></span> <span class='ocrx_word' id='word_1_269' title='bbox 1050 3957 1056 3969; x_wconf 91' lang='lat'>.</span> <span class='ocrx_word' id='word_1_270' title='bbox 1076 3957 1082 3968; x_wconf 91' lang='lat'><em>.</em></span> <span class='ocrx_word' id='word_1_271' title='bbox 1100 3907 1301 3969; x_wconf 89' lang='lat' dir='ltr'>restitueren-</span> 
     </span>
     <span class='ocr_line' id='line_1_34' title="bbox 104 4008 1302 4094; baseline -0.002 -20"><span class='ocrx_word' id='word_1_272' title='bbox 104 4021 182 4074; x_wconf 90' lang='lat' dir='ltr'>tur.</span> <span class='ocrx_word' id='word_1_273' title='bbox 201 4061 207 4073; x_wconf 92' lang='lat'><strong><em>.</em></strong></span> <span class='ocrx_word' id='word_1_274' title='bbox 226 4059 245 4092; x_wconf 93' lang='lat'>.,</span> <span class='ocrx_word' id='word_1_275' title='bbox 265 4018 319 4074; x_wconf 90' lang='lat' dir='ltr'>ut.</span> <span class='ocrx_word' id='word_1_276' title='bbox 339 4011 507 4075; x_wconf 88' lang='lat' dir='ltr'>..avitam</span> <span class='ocrx_word' id='word_1_277' title='bbox 531 4019 564 4073; x_wconf 89' lang='lat' dir='ltr'>et</span> <span class='ocrx_word' id='word_1_278' title='bbox 586 4008 776 4073; x_wconf 82' lang='lat' dir='ltr'>catholicam</span> <span class='ocrx_word' id='word_1_279' title='bbox 800 4008 986 4094; x_wconf 83' lang='lat' dir='ltr'>religionem</span> <span class='ocrx_word' id='word_1_280' title='bbox 1009 4032 1029 4072; x_wconf 89' lang='lat' dir='ltr'>a</span> <span class='ocrx_word' id='word_1_281' title='bbox 1051 4008 1226 4074; x_wconf 86' lang='lat' dir='ltr'>maioribus</span> <span class='ocrx_word' id='word_1_282' title='bbox 1250 4030 1302 4073; x_wconf 92' lang='lat' dir='ltr'>no-</span> 
     </span>
     <span class='ocr_line' id='line_1_35' title="bbox 106 4111 1301 4200; baseline -0.001 -23"><span class='ocrx_word' id='word_1_283' title='bbox 106 4115 180 4177; x_wconf 91' lang='lat' dir='ltr'>stris</span> <span class='ocrx_word' id='word_1_284' title='bbox 202 4124 373 4199; x_wconf 86' lang='lat' dir='ltr'>acceptam</span> <span class='ocrx_word' id='word_1_285' title='bbox 388 4121 517 4197; x_wconf 80' lang='lat' dir='ltr'>sartam,</span> <span class='ocrx_word' id='word_1_286' title='bbox 538 4123 658 4178; x_wconf 89' lang='lat' dir='ltr'>tectam</span> <span class='ocrx_word' id='word_1_287' title='bbox 672 4111 921 4199; x_wconf 82' lang='lat' dir='ltr'>inviolatamque</span> <span class='ocrx_word' id='word_1_288' title='bbox 938 4164 945 4178; x_wconf 88' lang='lat'><strong>.</strong></span> <span class='ocrx_word' id='word_1_289' title='bbox 965 4164 971 4177; x_wconf 95' lang='lat'><strong>.</strong></span> <span class='ocrx_word' id='word_1_290' title='bbox 990 4164 996 4177; x_wconf 92' lang='lat'>.</span> <span class='ocrx_word' id='word_1_291' title='bbox 1015 4135 1209 4178; x_wconf 85' lang='lat' dir='ltr'>conservare</span> <span class='ocrx_word' id='word_1_292' title='bbox 1231 4133 1301 4200; x_wconf 86' lang='lat' dir='ltr'>pos·</span> 
     </span>
     <span class='ocr_line' id='line_1_36' title="bbox 107 4239 291 4282; baseline 0 -2"><span class='ocrx_word' id='word_1_293' title='bbox 107 4239 214 4282; x_wconf 79' lang='lat' dir='ltr'>simus.</span> <span class='ocrx_word' id='word_1_294' title='bbox 233 4269 239 4281; x_wconf 91' lang='lat'>.</span> <span class='ocrx_word' id='word_1_295' title='bbox 259 4269 291 4281; x_wconf 96' lang='lat'>..</span> 
     </span>
    </p>
   </div>
   <div class='ocr_carea' id='block_1_8' title="bbox 670 4355 744 4418">
    <p class='ocr_par' dir='ltr' id='par_1_8' title="bbox 670 4355 744 4418">
     <span class='ocr_line' id='line_1_37' title="bbox 670 4355 744 4418; baseline 0 0"><span class='ocrx_word' id='word_1_296' title='bbox 670 4355 744 4418; x_wconf 89' lang='grc'><strong>466.</strong></span> 
     </span>
    </p>
   </div>
   <div class='ocr_carea' id='block_1_9' title="bbox 36 4461 1302 4680">
    <p class='ocr_par' dir='ltr' id='par_1_9' title="bbox 36 4461 1302 4680">
     <span class='ocr_line' id='line_1_38' title="bbox 36 4461 1302 4578; baseline -0.002 -18"><span class='ocrx_word' id='word_1_297' title='bbox 36 4461 39 4464; x_wconf 69' lang='grc'><strong><em>’</em></strong></span> <span class='ocrx_word' id='word_1_298' title='bbox 105 4494 277 4561; x_wconf 68' lang='lat' dir='ltr'>saraam</span> <span class='ocrx_word' id='word_1_299' title='bbox 311 4497 365 4559; x_wconf 65' lang='lat' dir='ltr'>aa</span> <span class='ocrx_word' id='word_1_300' title='bbox 392 4494 730 4576; x_wconf 59' lang='lat' dir='ltr'>recesseramus</span> <span class='ocrx_word' id='word_1_301' title='bbox 759 4494 917 4560; x_wconf 64' lang='lat' dir='ltr'>nassae</span> <span class='ocrx_word' id='word_1_302' title='bbox 947 4495 1092 4578; x_wconf 66' lang='lat' dir='ltr'>Bursam</span> <span class='ocrx_word' id='word_1_303' title='bbox 1126 4515 1171 4558; x_wconf 68' lang='lat' dir='ltr'>aa</span> <span class='ocrx_word' id='word_1_304' title='bbox 1199 4493 1302 4575; x_wconf 71' lang='lat' dir='ltr'>rape</span> 
     </span>
     <span class='ocr_line' id='line_1_39' title="bbox 105 4598 1301 4680; baseline -0.001 -16"><span class='ocrx_word' id='word_1_305' title='bbox 105 4599 220 4665; x_wconf 66' lang='lat' dir='ltr'>seraa</span> <span class='ocrx_word' id='word_1_306' title='bbox 236 4600 288 4665; x_wconf 81' lang='lat' dir='ltr'><em>V..-</em></span> <span class='ocrx_word' id='word_1_307' title='bbox 310 4598 441 4665; x_wconf 69' lang='lat' dir='ltr'>Abram</span> <span class='ocrx_word' id='word_1_308' title='bbox 455 4599 558 4665; x_wconf 74' lang='lat' dir='ltr'>Karia</span> <span class='ocrx_word' id='word_1_309' title='bbox 574 4599 634 4680; x_wconf 71' lang='lat'>11„</span> <span class='ocrx_word' id='word_1_310' title='bbox 657 4601 694 4663; x_wconf 81' lang='lat' dir='ltr'>in</span> <span class='ocrx_word' id='word_1_311' title='bbox 709 4599 798 4666; x_wconf 70' lang='lat' dir='ltr'>Grae</span> <span class='ocrx_word' id='word_1_312' title='bbox 819 4601 888 4664; x_wconf 77' lang='lat' dir='ltr'>eine</span> <span class='ocrx_word' id='word_1_313' title='bbox 903 4599 1098 4666; x_wconf 75' lang='lat' dir='ltr'>Universitdt</span> <span class='ocrx_word' id='word_1_314' title='bbox 1119 4619 1160 4662; x_wconf 78' lang='lat' dir='ltr'>au</span> <span class='ocrx_word' id='word_1_315' title='bbox 1181 4599 1301 4680; x_wconf 79' lang='lat' dir='ltr'>stiften.</span> 
     </span>
    </p>
   </div>
   <div class='ocr_carea' id='block_1_10' title="bbox 0 0 1561 5025">
    <p class='ocr_par' dir='ltr' id='par_1_10' title="bbox 0 0 1561 5025">
     <span class='ocr_line' id='line_1_40' title="bbox 0 0 1561 5025; baseline 0 0"><span class='ocrx_word' id='word_1_316' title='bbox 0 0 1561 5025; x_wconf 95' lang='lat' dir='ltr'> </span> 
     </span>
    </p>
   </div>
  </div>
 </body>
</html>
