3100 5025
256 269 320 332 224

257 459 421 546 serviendi
450 459 636 524 facultatem
658 458 757 523 fuerit
779 457 930 544 amplexa
951 467 1039 524 tanto
1063 459 1167 524 studio
1191 460 1323 540 etzelo,
1347 481 1445 545 quan-

255 572 323 628 tum
353 586 451 628 causa
481 565 551 648 ipsa
579 562 704 648 flagitat
732 571 852 648 tuaque
883 565 984 648 pietas
1013 566 1245 649 spectatissima
1266 562 1444 649 pollicetur.

254 669 370 754 Neque
400 692 476 732 vero
504 669 584 732 haec
612 691 650 732 eo
674 667 852 749 scribimurt,
882 678 918 730 ut
940 666 1135 732 nobilitatem
1158 679 1246 732 tuam
1269 667 1444 750 hortemur,

255 782 291 837 ut
320 772 399 837 velis
430 773 549 837 auxilio
580 795 650 836 esse
679 772 771 835 fratri
800 773 1016 836 amantissimo
1047 773 1080 836 in
1106 779 1171 836 tam
1198 775 1290 856 gravi
1312 781 1445 858 tamque

256 880 415 941 communi
437 877 579 962 periculo
603 875 662 940 sed
684 875 762 940 nihil
784 876 848 940 iam
872 875 926 939 diu
949 875 1130 940 audivimus
1153 875 1324 961 indignius.
1363 877 1445 940 Hor-

255 984 312 1044 tati
342 982 436 1045 etiam
468 1002 576 1045 sumus
607 990 639 1045 et
665 981 849 1063 rogavimus
874 981 1072 1044 carissimum
1096 978 1195 1045 filium
1217 988 1361 1045 nostrum
1384 979 1446 1044 Ro

255 1084 411 1170 dulphum
440 1085 658 1150 Romanorum
691 1086 916 1170 imperatorem
950 1083 1087 1148 electum
1121 1097 1329 1171 caeterosque
1359 1086 1446 1170 prin·

257 1192 343 1275 cipes
367 1189 549 1272 catholicos,
572 1188 615 1253 ad
630 1211 710 1275 quos
726 1191 920 1276 scripsimus,
937 1197 973 1253 ut
987 1188 1133 1253 omnihus
1149 1189 1276 1253 auxiliis
1293 1188 1445 1254 Carolum

254 1297 366 1359 iuvent
387 1316 493 1379 neque
516 1304 707 1358 cunctentur
728 1304 795 1358 tam
810 1295 1025 1379 perniciosum
1041 1293 1226 1359 incendium
1241 1296 1444 1379 extinguere.

255 1399 324 1463 Hos
361 1401 456 1463 etiam
494 1400 600 1462 omnia
632 1407 742 1462 nostra
775 1396 882 1462 Caroli
915 1398 1159 1463 necessitatibus
1194 1397 1374 1482 obtulimus,
1410 1409 1446 1463 ut

255 1513 363 1569 autem
392 1522 558 1588 speramus
590 1505 751 1567 neminem
782 1501 1012 1567 catholicorum
1040 1502 1234 1569 Germaniae
1260 1505 1445 1589 principum

256 1608 450 1686 defuturum,
473 1609 520 1671 sic
542 1606 621 1671 nihil
642 1606 767 1692 longius
790 1606 950 1673 habemus
973 1627 1071 1693 quam
1094 1606 1172 1672 dum
1185 1607 1218 1673 id
1234 1607 1356 1673 factum
1371 1629 1445 1671 esse
1529 1630 1531 1633 ·

255 1712 432 1778 audiamus.
959 1781 961 1786 ,

358 1817 479 1880 Datum
501 1815 624 1880 Rornae
647 1814 734 1900 apud
757 1825 905 1880 sanetum
928 1816 1060 1881 Petrum
1083 1815 1144 1880 suh
1166 1817 1260 1881 anulo
1275 1817 1447 1901 piscatoris

255 1921 307 1986 dic
329 1921 455 1985 XVIII.
471 1919 641 1984 Februarii
667 1919 746 1982 1581
772 1919 976 2004 pontificatus
999 1922 1097 1985 nostri
1120 1931 1203 1985 anno
1226 1942 1319 2016 nono.

1025 2077 1101 2141 Ant.
1124 2076 1397 2164 Buccapadulius.

358 2235 398 2297 Io
425 2235 534 2298 dorso:
568 2234 634 2319 sig.
662 2257 746 2300 cum.
770 2233 855 2299 anul.
880 2236 957 2320 piso.
991 2233 1117 2299 Dilecto
1144 2234 1219 2320 filio,
1247 2234 1346 2299 nobili
1372 2237 1448 2299 viro

255 2338 473 2420 Ferdinando,
496 2339 663 2404 archiduci
685 2339 847 2404 Austriae.

749 2481 847 2548 (Perg,
866 2479 950 2549 Orig.)

814 2723 885 2788 116.

257 2882 324 2947 Der
356 2882 676 2965 Jesoiteaprooiactol
710 2902 771 2946 ooo
805 2880 999 2947 Stcicrmurlo
1032 2882 1186 2948 Heinrich
1218 2882 1362 2967 Blyssem
1400 2904 1452 2949 oo

257 2988 294 3052 P.
326 2986 469 3054 Bttclem:
501 2988 577 3052 taber
605 2988 657 3052 die
688 2987 849 3069 rapsace
866 2988 912 3051 'io
942 2988 1001 3052 dan
1035 2988 1223 3053 birclrliclwo
1250 2989 1450 3071 Aoyeleyen-

256 3094 358 3157 lreiten
379 3092 597 3158 Steiermorlos.
643 3091 730 3155 Keta
759 3091 884 3173 Friedc,
916 3092 1052 3157 scadan
1080 3094 1131 3157 ein
1157 3092 1452 3174 Waffeastillstaad

257 3200 302 3263 sei
320 3198 518 3280 qeschlosscn.
556 3197 735 3279 &aarum
749 3197 806 3261 dcr
820 3197 1041 3263 Protectooten
1056 3200 1092 3263 ia
1106 3200 1165 3264 dea
1180 3198 1329 3263 Anotera
1344 3198 1452 3264 durch

257 3303 458 3368 Kctbolilten.
487 3302 684 3385 Masareyelo
705 3302 762 3383 fstr
784 3303 835 3366 die
857 3302 960 3367 Zocltt
981 3303 1033 3369 dee
1056 3300 1175 3367 Oleros.
1213 3302 1300 3367 Eitle
1321 3302 1450 3383 Simas-

255 3409 366 3490 sreudc
395 3408 451 3472 der
479 3406 609 3472 Striade.
654 3406 748 3490 cher
778 3406 831 3472 des
860 3407 1053 3490 Ereberaops
1085 3408 1142 3489 fiir
1173 3408 1225 3472 die
1256 3406 1452 3473 torminale

573 3510 682 3576 Suebo.
728 3509 1128 3593 Gras,1581Mdr214.

666 3651 711 3717 (H.
725 3654 759 3703 Η.
772 3668 799 3703 u.
812 3653 891 3704 st-s.
905 3652 1036 3719 Steierm.)

360 3806 414 3869 Ex
442 3804 540 3871 literis
570 3810 650 3872 meis
675 3807 975 3873 lurconianis
1005 3807 1088 3873 datis
1118 3812 1221 3895 potuit
1242 3810 1279 3873 R.
1301 3809 1341 3874 V.
1366 3812 1452 3876 satis

257 3909 443 3995 intelligere,
474 3911 632 3996 quomodo
663 3913 799 3978 Stiriaca
829 3915 955 3978 comitia
984 3915 1061 3979 satis
1088 3914 1223 3979 feliciter
1245 3914 1367 3979 absolvi
1390 3937 1452 3979 ne-

257 4016 426 4101 quiverint,
450 4017 509 4080 nisi
532 4019 730 4082 executionis
751 4019 960 4083 intervenerit
974 4021 1150 4104 suspensio,
1174 4041 1238 4104 qua
1252 4040 1330 4083 sane
1346 4024 1452 4085 mani·

257 4122 358 4185 festae
391 4119 553 4186 seditionis
586 4120 731 4207 pericula
762 4123 977 4208 gravioraque
1010 4132 1075 4187 tam
1109 4122 1317 4187 ecclesiastici
1346 4144 1453 4207 quam

256 4224 375 4309 politici
398 4235 497 4290 status
520 4224 648 4309 damna,
673 4248 756 4312 quae
778 4230 1038 4311 praesentissima
1061 4226 1277 4291 cernebantur
1298 4248 1376 4311 prae
1399 4226 1451 4291 fo·

256 4330 356 4413 ribus,
380 4340 572 4396 caverentur
593 4339 625 4395 et
647 4330 807 4395 archidux
829 4332 927 4396 rebus
947 4334 1011 4397 suis
1027 4334 1109 4397 sicut
1124 4330 1218 4396 modo
1233 4331 1311 4395 facit
1325 4332 1452 4397 rectius

257 4434 422 4502 consulere
444 4445 561 4522 posset.
600 4436 673 4501 Hoc
695 4438 791 4521 igitur
813 4435 1008 4501 indutiarum
1029 4446 1173 4523 tempore
1197 4446 1326 4524 praeter
1340 4436 1452 4500 occul-

255 4544 378 4607 tissima
406 4542 566 4629 quaedam
596 4540 748 4626 antidota,
780 4565 862 4627 quae
892 4554 1047 4628 parantur
1076 4542 1206 4628 quidem
1241 4541 1299 4607 scd
1332 4540 1452 4608 litteris
