3100 5025
1232 289 1292 353 251

95 491 202 545 turam
233 503 332 566 quam
362 482 391 545 ei
421 482 498 546 vitio
528 501 696 545 versuram
719 502 801 562 esse,
833 480 919 566 quod
943 481 975 546 S.
993 479 1087 544 Sei-‘¹³
1108 481 1296 566 pientissimi

95 587 145 649 sui
167 588 270 670 patrie
291 587 435 670 vestigiis
457 584 672 667 inambulans,
696 584 871 649 consultius
893 607 933 648 ac
956 583 1070 649 melius
1089 606 1161 648 esse
1176 583 1296 649 iudica·

95 691 182 754 verit
209 692 242 754 in
273 691 447 776 provinciis
476 691 543 753 suis
576 687 737 754 nobilibus
771 690 849 775 ipsis
882 688 1043 775 plerisque
1077 711 1098 752 a
1130 689 1296 752 iuventute

95 793 299 858 confessione
329 815 388 857 sua
410 793 604 877 Augustana
632 791 764 857 imbutis
793 791 945 856 eiusdemv
961 793 1150 856 exercitium
1175 793 1206 856 in
1230 793 1296 855 suis

94 898 207 962 lundis
229 905 264 962 ct
284 907 421 982 quatuor
442 897 546 960 solum
569 896 753 962 civitatibus
776 898 950 960 connivere
966 897 1046 961 etin
1062 895 1132 960 aliis
1147 895 1295 960 omnibus

95 1000 235 1089 oppidis,
264 999 458 1084 civitatibus,
482 1001 604 1076 caetris,
629 999 712 1064 villis
734 1023 775 1064 ac
797 1000 876 1065 locis
897 999 941 1064 ad
964 1021 999 1064 se
1022 1008 1054 1066 et
1076 1019 1154 1063 suae
1177 997 1295 1083 profes·

93 1108 196 1170 sionis
225 1113 390 1170 consortes
418 1102 655 1191 pertinentibus
684 1103 848 1188 religionis
878 1111 1006 1168 nostrae
1036 1125 1130 1167 usum
1152 1103 1296 1186 ipsismet

94 1210 350 1275 confessionistis
372 1207 407 1272 id
428 1208 686 1294 approbantibus
709 1217 742 1272 et
762 1207 997 1274 ratificantibus
1019 1227 1246 1291 praeservasse
1263 1214 1296 1271 et

96 1316 143 1378 sic
174 1312 277 1377 veluti
305 1314 339 1376 in
370 1314 494 1398 magnis
525 1311 684 1376 incendiis
705 1312 742 1376 fit
763 1334 862 1377 unam
884 1320 979 1396 atque
1002 1311 1136 1376 alteram
1159 1311 1295 1375 civitatis

95 1418 232 1482 domum
254 1415 308 1480 vel
329 1415 439 1501 plures
462 1417 559 1480 etiam
583 1415 712 1480 diruere
727 1425 761 1480 et
774 1437 815 1480 ea
829 1437 865 1479 re
879 1414 1021 1480 incendii
1037 1435 1166 1479 cursum
1182 1416 1295 1479 sistere

94 1524 211 1608 pocius
241 1541 339 1605 qnam
369 1519 464 1584 dictis
494 1518 622 1584 duabus
650 1517 704 1583 vel
730 1518 833 1584 tribus
856 1517 1005 1583 domibus
1027 1539 1161 1604 parcere
1185 1527 1218 1584 ct
1240 1539 1295 1583 eas

94 1633 212 1712 postea
241 1646 316 1690 cum
346 1622 496 1689 omnibus
524 1623 595 1688 aliis
624 1625 783 1708 contiguis
813 1625 844 1687 in
873 1621 1030 1708 praedam
1053 1633 1086 1687 et
1106 1623 1294 1708 voraginem

94 1727 241 1794 incendii
263 1727 455 1792 concedere.

2 1820 4 1831 ’
200 1831 274 1896 'rati
303 1831 434 1896 consilio
465 1831 496 1896 d.
513 1831 545 1895 d.
568 1853 683 1896 caesar
703 1830 839 1897 Carolus
862 1830 902 1895 V.
934 1839 967 1894 et
996 1829 1161 1916 predictus
1183 1830 1294 1895 Ferdi·

2 2022 3 2031 ἵ
94 1936 226 2001 naudus
248 1958 278 2021 p.
296 1957 337 2000 m.
357 1937 390 2000 in
412 1935 648 2021 promulganda
671 1935 894 2000 constitutione
918 1934 959 1998 de
982 1943 1118 2020 utraque
1140 1933 1294 2020 religione

2 2122 3 2125 Ἴ
93 2045 130 2106 ἱιι
150 2042 288 2126 imperio
309 2039 477 2105 toleranda
498 2041 547 2104 usi
569 2048 654 2122 sunt,
684 2041 729 2104 ita
756 2041 818 2124 ipsi
848 2040 945 2103 etiem
968 2037 1011 2102 ad
1033 2046 1168 2104 mortem
1191 2060 1294 2123 usque

95 2143 323 2210 haereditariis
351 2145 418 2208 suis
447 2142 584 2209 subditis
613 2143 655 2207 ob
684 2142 871 2227 religionem
904 2163 1018 2227 parum
1048 2151 1105 2207 aut
1130 2141 1206 2206 nihil
1230 2162 1293 2206 mo·

2 2242 3 2291 1
94 2249 210 2314 lectiae
243 2247 429 2331 intulerunt,
462 2247 597 2312 tirmiter
628 2248 662 2310 in
693 2246 804 2310 Deum
834 2253 1000 2332 sperantes
1030 2267 1121 2310 suam
1151 2245 1295 2310 divinam

2 2334 3 2349 ¹
95 2353 300 2418 maiestatem
321 2360 466 2437 tempore
487 2360 644 2436 oportuno
664 2351 836 2435 ipsammet
859 2351 888 2414 ei
911 2351 958 2414 rei
978 2349 1157 2414 remedium
1172 2349 1295 2414 adhibi·

94 2467 216 2523 turum.

201 2561 309 2625 Divus
336 2562 510 2645 imperator
532 2558 772 2624 Maximilianus
795 2558 838 2623 Il.
870 2557 1104 2644 abgliscentem
1135 2559 1295 2626 licentiam

2 2653 3 2690 ³
95 2669 131 2730 in
159 2664 319 2730 eiusmodi
347 2663 510 2748 religionis
539 2662 638 2727 rebus
668 2662 765 2750 paulo
796 2662 933 2748 amplius
963 2685 1154 2751 progressus
1186 2675 1233 2729 est
1264 2675 1296 2730 et

95 2769 279 2833 Austriacis
289 2766 451 2832 nobilibus
467 2766 610 2831 dissertis
624 2766 736 2832 verbis
751 2788 863 2832 eorum
879 2767 1087 2833 confessionis
1103 2770 1294 2833 exercitium

95 2873 229 2959 publice
258 2874 428 2956 concessit,
459 2894 522 2957 quo
552 2870 584 2937 d.
600 2870 828 2955 Ferdinandua
851 2894 1018 2958 nunquam
1040 2872 1159 2937 adduci
1182 2874 1294 2958 potuit,

96 2976 156 3041 sed
178 2978 264 3041 sicut
284 2979 392 3061 ipsum
407 2974 666 3041 Maximilianum
689 2975 760 3040 dira
783 2977 959 3040 necessitas
983 2986 1015 3041 et
1037 2987 1216 3062 temporum
1240 2978 1294 3041 ini·

95 3084 204 3167 quites
226 3080 271 3144 ad
292 3080 391 3145 talem
413 3082 656 3145 concessionem
678 3080 840 3145 nolentem
863 3078 1019 3165 adegerit,
1043 3083 1150 3167 itaque
1174 3080 1206 3147 S.
1223 3080 1294 3146 Me·

96 3186 193 3252 ser-⁰
215 3184 384 3249 archiduci
406 3206 446 3248 ea
468 3184 510 3248 de
530 3206 567 3249 re
589 3183 671 3248 adeo
693 3184 918 3270 preindieavit,
950 3194 986 3249 ut
1008 3184 1040 3251 S.
1058 3184 1153 3251 serr*
1175 3206 1295 3269 magna

95 3291 196 3354 animi
217 3290 268 3352 sni
289 3309 364 3353 oum
386 3288 542 3371 molestia,
564 3290 678 3353 timore
700 3297 798 3374 atque
813 3298 952 3353 tremore
968 3298 1081 3354 coacta
1096 3288 1201 3372 fuerit,
1225 3310 1294 3374 pro·

3 3390 5 3442 l
94 3392 290 3458 vincialibus
313 3394 378 3457 suis
401 3414 442 3457 ea
462 3394 495 3456 in
518 3402 611 3478 parte
631 3402 758 3457 tantum
781 3414 908 3479 quoque
931 3393 1110 3478 indulgere,
1138 3403 1294 3478 quantum

3 3563 5 3588 ,
95 3498 246 3584 superius
269 3495 390 3560 dictum
412 3506 471 3578 est,
494 3506 528 3560 et
548 3495 623 3560 licet
645 3520 665 3561 a
687 3498 844 3583 principio
860 3496 915 3561 tali
930 3496 1131 3582 indulgentia
1146 3520 1202 3562 seu
1219 3495 1294 3561 tole-

93 3603 202 3666 rantia
223 3621 289 3665 non
312 3599 581 3666 contentabantur
601 3598 660 3665 sed
683 3621 810 3664 summa
832 3602 929 3665 animi
958 3604 1159 3666 contentione
1189 3610 1294 3686 postu·

5 3735 6 3742 ¹
94 3705 219 3788 labant,
249 3714 285 3768 ut
314 3726 425 3769 eorum
447 3704 606 3769 confessio
628 3706 663 3769 in
685 3704 834 3769 omnibus
856 3706 1029 3791 provinciis
1052 3716 1085 3770 et
1106 3728 1166 3791 per
1188 3708 1294 3771 omnia

5 3811 6 3902 l
94 3808 322 3873 admitteretur
341 3808 635 3894 publicareturque,
659 3830 678 3872 c
701 3818 813 3874 contra
836 3807 994 3873 catholiea
1015 3818 1125 3873 nostra
1143 3818 1176 3874 et
1190 3832 1294 3875 sacro

95 3922 211 3978 sancta
232 3912 344 3998 religio
366 3911 461 3998 plane
483 3912 706 3997 abrogaretur,
739 3912 771 3977 S.
789 3912 884 3978 Ser¹¹⁸
905 3921 1014 3977 tamen
1035 3912 1071 3977 id
1093 3915 1140 3977 eis
1162 3923 1239 3978 tnnc
1263 3924 1295 3978 et

5 4009 6 4016 '
94 4026 210 4103 postea
239 4018 326 4079 omni
354 4026 500 4101 tempore
530 4018 787 4081 constantissime
817 4018 948 4102 negavit
978 4024 1010 4081 et
1044 4026 1079 4082 ut
1112 4020 1294 4083 summatim

6 4121 7 4184 i
96 4120 226 4185 dicatur
258 4117 420 4205 religionis
451 4121 553 4205 ipsius
587 4119 826 4205 dispositionem
858 4123 892 4185 in
925 4120 1073 4187 omnibus
1111 4121 1295 4187 civitatibus

6 4193 7 4220 ¹
95 4223 237 4309 demptis
266 4223 362 4288 dictis
390 4232 538 4310 quatuor,
567 4224 644 4287 item
673 4226 707 4289 in
737 4204 885 4289 omnibus
915 4227 981 4290 suis
1007 4246 1047 4289 ac
1069 4246 1199 4290 suorum
1222 4246 1295 4290 con·

6 4359 7 4424 3
95 4342 220 4393 sertum
241 4326 377 4413 oppidis,
401 4329 524 4411 casu-is,
547 4326 631 4392 villis
654 4349 693 4393 ac
715 4328 786 4393 aliis
808 4329 885 4393 locis
906 4351 1061 4416 expresse
1076 4329 1137 4394 sibi
1151 4352 1295 4395 reserva-

6 4475 7 4480 κ
95 4433 152 4513 vit,
175 4440 273 4517 prout
293 4432 328 4495 in
350 4430 541 4497 hodiernum
563 4453 666 4517 nsque
690 4430 776 4497 diem
798 4432 862 4497 illic
885 4432 1083 4499 solummodo
1098 4432 1169 4498 talis
1184 4443 1294 4499 nostra

96 4534 258 4601 catholica
278 4533 391 4621 religio
413 4533 544 4621 publice
567 4544 739 4600 exercetur
761 4546 795 4601 et
817 4538 943 4602 civibus
959 4560 1017 4603 seu
1032 4536 1201 4623 oppidanis
1216 4537 1294 4623 ipsis
