3100 5025
1270 357 1290 426 3

87 569 227 643 mutum,
258 561 286 623 si
315 556 448 645 quidem
478 559 524 622 ita
554 556 743 622 induxerint
771 559 914 622 animum
944 567 977 622 et
1006 555 1094 622 nullo
1124 566 1218 642 pacto
1246 555 1288 637 ab

88 687 203 730 eorum
233 665 383 749 opinione
413 661 569 727 recedere
598 661 727 745 vellent,
759 664 791 725 in
823 661 910 726 dicta
944 683 1054 726 eorum
1089 661 1289 726 confessione

88 790 153 832 non
183 766 430 832 molestatumm
460 765 518 830 sed
545 788 604 852 pro
627 789 686 831 sua
708 789 748 830 ac
771 768 927 830 maiorum
950 787 1081 830 suorum
1104 787 1182 850 erga
1204 768 1290 851 ipsos

90 871 293 957 benignitate
324 871 501 935 clementer
530 880 664 936 eatenus
693 870 913 954 toleraturum,
945 881 1103 957 quatenus
1134 890 1203 934 sese
1226 891 1291 934 mo

91 976 183 1041 deste
207 983 241 1039 et
264 974 372 1039 debite
394 977 565 1060 gesserint,
588 976 744 1061 Deusque
761 977 899 1061 optimus
914 977 1076 1040 maximus
1092 974 1134 1039 de
1150 974 1210 1039 alio
1225 996 1290 1038 me·

91 1080 143 1144 dio
170 1102 238 1144 non
268 1080 481 1165 prospexerit.
526 1079 575 1144 Ita
607 1078 747 1164 denique
779 1087 812 1143 et
840 1078 903 1143 hac
935 1100 1090 1164 expressa
1121 1101 1196 1143 cum
1219 1101 1291 1143 con·

92 1184 224 1268 ditione,
257 1194 294 1248 ut
322 1182 365 1247 ab
396 1207 435 1248 ea
464 1205 501 1249 re
530 1205 642 1248 omnes
673 1183 705 1250 S.
730 1181 821 1249 Sei-²³⁸
844 1185 1000 1268 civitates,
1033 1185 1139 1249 omnia
1162 1181 1290 1268 oppida,

92 1300 198 1354 eastra
222 1297 256 1353 et
277 1287 363 1370 ville,
387 1287 519 1374 dempta
534 1287 596 1352 hac
611 1287 692 1353 urbe
709 1287 898 1372 Graecensi,
913 1288 935 1356 J
938 1286 1138 1373 udenburgo,
1155 1286 1291 1374 Olagen·

91 1393 157 1458 furt
188 1402 222 1457 et
244 1391 379 1456 Labaco
409 1391 517 1478 quoad
546 1393 633 1478 ipsos
660 1391 876 1478 provinciales
903 1403 935 1457 et
962 1391 1085 1458 nobiles
1115 1413 1291 1477 eorumque

94 1500 267 1562 attinentes
291 1495 412 1560 ibidem
434 1505 605 1579 morantes,
628 1507 753 1561 tantum
769 1500 938 1580 immunes,
963 1496 1087 1582 sibique
1103 1499 1137 1560 in
1152 1498 1229 1582 ipsis
1245 1517 1290 1559 re·

93 1602 221 1686 [igionis
245 1623 323 1665 suae
351 1599 540 1684 catholicae,
565 1601 599 1665 in
630 1623 694 1686 qua
721 1624 741 1665 a
764 1600 901 1666 dominis
924 1602 989 1665 suis
1017 1599 1191 1665 maioribus
1221 1620 1291 1685 pro·

94 1709 233 1792 genitus,
265 1704 446 1791 baptizatus
478 1714 511 1770 et
543 1705 700 1770 educatus
732 1714 817 1770 esset
847 1707 879 1770 in
911 1728 1013 1792 eaque
1044 1703 1086 1769 ad
1110 1714 1293 1769 extremum

95 1831 198 1896 usque
236 1812 383 1896 spiritum
420 1819 606 1875 constanter
641 1831 833 1896 permanere
867 1809 975 1894 vellet,
1014 1810 1198 1876 omnimoda
1232 1807 1293 1872 dis-

95 1917 210 2001 positio
244 1924 441 2000 competeret
470 1938 509 1980 ac
540 1914 630 1979 salva
661 1923 837 1980 remaneat.
879 1915 1052 2002 Signanter
1074 1914 1184 1980 itidem
1207 1915 1293 1978 exci-

95 2022 189 2105 piens
223 2040 264 2083 ac
298 2018 359 2082 sibi
392 2019 571 2104 adiungens
606 2042 717 2084 omues
747 2018 929 2106 spirituales
960 2030 992 2084 et
1022 2018 1183 2084 seculares
1215 2038 1292 2082 suae

96 2124 244 2209 religioni
273 2122 430 2208 addictos,
460 2128 504 2188 ita
532 2133 569 2188 ut
590 2126 667 2208 ipsis
690 2123 835 2189 similiter
858 2123 911 2188 ab·
924 2123 1118 2188 adversariis
1139 2121 1293 2208 deinceps

98 2228 178 2294 nihil
200 2230 330 2293 omuino
352 2230 473 2314 negotii
494 2229 596 2294 fieret.
633 2229 672 2294 ln
696 2229 806 2314 primis
829 2250 906 2294 vero
931 2230 1190 2294 concionatorum
1212 2229 1294 2313 ipso·

98 2355 171 2397 rum
201 2333 343 2397 convitia
371 2332 488 2397 futuris
517 2332 716 2419 temporibus
745 2335 875 2398 omnino
910 2335 1173 2398 conticescerent.
1220 2329 1295 2411 Qua

98 2436 233 2523 quidem
262 2458 298 2500 re
325 2446 449 2501 tantum
472 2437 536 2501 Dei
559 2439 669 2523 optimi
692 2438 825 2502 maximi
847 2437 1004 2502 adiutorio
1027 2437 1207 2523 profectum
1238 2445 1294 2511 est,

99 2552 135 2607 ut
165 2544 325 2624 civitates,
356 2541 476 2628 oppida
505 2564 545 2606 ac
576 2541 637 2607 alia
669 2542 740 2607 loca
767 2564 960 2629 quecunque
991 2544 1090 2627 ipsius
1112 2540 1296 2606 archidueis

101 2669 140 2711 ac
155 2668 269 2711 eorum
290 2647 346 2731 qui
368 2645 506 2711 eandem
528 2646 741 2711 orthodoxam
764 2645 954 2712 catholicam
978 2647 1163 2731 religionem
1186 2666 1297 2710 secum

100 2752 152 2835 pie
174 2749 377 2836 profitentur,
401 2772 539 2835 quorum
561 2772 715 2815 numerus
739 2751 887 2837 centuplo
911 2751 988 2817 alios
1020 2750 1178 2835 excedit,¹
1210 2748 1296 2813 dein-

101 2877 180 2941 ceps
210 2855 279 2919 sine
310 2856 397 2919 omni
428 2855 681 2921 contradictione
711 2878 750 2920 ao
782 2858 972 2942 exceptione
1004 2854 1194 2920 catholicam
1227 2852 1296 2918 reli·

101 2960 231 3045 gionem
247 2958 432 3043 professura
449 2967 481 3023 et
496 2981 531 3023 se
555 2962 746 3024 connivente
770 2982 827 3024 seu
850 2961 1054 3046 permittente
1077 2962 1110 3024 in
1129 2967 1297 3024 aeternum

103 3062 261 3128 aliorum·
291 3086 485 3127 concessura
515 3085 578 3129 non
605 3068 655 3129 sit.
702 3065 840 3151 Sperare
864 3067 938 3130 item
963 3088 996 3130 se
1024 3062 1078 3130 8ιῐε
1101 3064 1133 3131 S.
1158 3062 1297 3147 consilio,

102 3166 338 3232 ordinariorum
360 3165 447 3231 fideli
471 3189 569 3252 opera
592 3177 625 3232 et
645 3170 788 3233 maxime
811 3168 918 3233 medio
942 3170 1105 3233 seminarii
1120 3170 1152 3231 in
1168 3168 1297 3231 civitate

103 3271 284 3336 Graeceusi
306 3272 406 3335 erecti
429 3270 585 3335 salutares
608 3294 722 3337 manus
746 3271 829 3337 malo
852 3273 905 3356 illi,
929 3272 1016 3359 quod
1039 3282 1169 3358 propter
1195 3272 1297 3334 maius

103 3374 338 3460 indulgendum
361 3375 430 3459 fuit,
454 3374 674 3440 adhibiturum
697 3385 794 3463 atque
817 3380 849 3440 in
874 3400 948 3441 eum
970 3376 1068 3441 finem
1095 3399 1130 3440 se
1159 3398 1228 3440 rem
1255 3374 1297 3439 al·

105 3482 174 3544 cius
201 3478 456 3543 deliberaturum
484 3488 516 3543 et
538 3482 678 3545 maxime
702 3503 776 3545 cum
801 3480 874 3546 Sec.
892 3478 984 3545 Caes.
1001 3480 1061 3545 M²⁰
1078 3503 1117 3543 ac
1140 3477 1209 3543 aliis
1232 3479 1298 3543 suis

104 3586 291 3668 propinquis
320 3583 520 3670 principibus
552 3584 715 3649 catholicis
749 3588 1060 3650 communicaturum
1093 3608 1133 3649 ac
1165 3581 1298 3647 tandem

103 3691 211 3753 omnia
235 3711 274 3753 ea
296 3688 468 3774 facturum,
493 3712 577 3775 quae
604 3689 664 3753 sibi
688 3690 841 3754 salutaria
866 3713 905 3755 ac
928 3689 1091 3776 possibilia
1113 3688 1181 3753 fore
1205 3687 1299 3752 edoc-

103 3801 156 3857 tus
179 3792 287 3858 fuerit.
613 3797 620 3811 '

145 4048 157 4070 ¹
175 4054 211 4089 ac.
229 4038 397 4105 religionem.

146 4123 157 4155 ¹
176 4126 259 4176 Diese
278 4126 458 4191 Berechnung
475 4126 564 4177 dtirlte
582 4126 651 4176 wohl
670 4126 745 4176 nicht
762 4128 894 4177 stimmen.
929 4128 961 4177 ln
980 4127 1032 4178 den
1050 4127 1160 4178 Stiidtsn
1178 4125 1300 4192 huldigte

177 4213 259 4263 sehon
280 4212 325 4263 die
342 4212 478 4263 Mahrheit
495 4213 543 4263 der
560 4228 649 4264 neuen
667 4214 764 4275 Lshre,
787 4213 836 4264 auf
851 4214 897 4264 das
917 4214 1057 4265 Landvolk
1075 4214 1140 4266 aber
1158 4214 1232 4265 hatte
1254 4212 1301 4263 der

177 4299 245 4349 Adel
262 4298 315 4350 den
333 4304 452 4365 grdssten
469 4299 595 4350 Einfluss.
634 4301 695 4350 Wie
714 4301 896 4366 ansgebreitet
914 4303 979 4352 aber
1002 4301 1049 4352 der
1067 4301 1301 4351 Protestantismus

177 4393 257 4436 unter
274 4386 375 4437 diesem
388 4402 452 4447 war,
470 4387 593 4449 darttber,
611 4389 693 4438 sowie
705 4388 774 4438 auch
786 4388 854 4437 ttber
865 4386 909 4437 dis
922 4388 988 4438 Zahl
1002 4387 1049 4439 der
1061 4386 1300 4454 protestantischen

177 4473 287 4538 Btrger,
305 4472 389 4523 findet
407 4473 463 4523 aielr
484 4479 567 4524 unten
586 4474 631 4523 Νι,
645 4476 678 4523 63
692 4476 736 4523 ein
750 4474 911 4524 drastischer
922 4473 1013 4541 Beleg.
1039 4476 1077 4524 Im
1091 4475 1229 4539 Laudtage
1241 4473 1301 4523 sind

178 4574 228 4608 nur
249 4559 318 4609 noch
342 4560 419 4621 ‚mut
442 4560 611 4609 katholisrhe
628 4560 789 4623 Larrdleute‚
812 4576 845 4610 an
869 4560 912 4611 die
931 4563 999 4610 5000
1012 4562 1148 4611 Persouen
1165 4560 1301 4609 beauchen

177 4644 222 4694 die
239 4646 462 4711 protestantiscbe
479 4646 655 4698 Stiltslrirclre.

1114 4732 1145 4783 1·
