3100 5025
1234 237 1296 303 135

98 421 253 488 muscast
283 423 320 487 in
349 424 405 487 der
431 423 528 490 Form
557 426 645 489 einer
671 425 836 509 Zascbrift
868 447 912 490 ors
941 429 992 492 die
1021 427 1151 509 Stricta,
1179 431 1220 495 ist
1246 451 1293 495 er·

331 527 481 593 mbascbt.
504 530 600 609 1580,
622 529 705 595 aare
726 529 795 594 dero
817 535 869 597 23.
891 529 1066 598 December.

466 683 525 752 (Η.·
538 685 583 736 Η.·
596 702 622 737 n.
636 685 716 737 ΒΜ.
731 686 851 737 Steisrm.
865 687 934 748 XV.)

206 859 317 925 serw
343 859 503 924 archidux
526 859 661 926 Carolus
690 871 762 947 post
784 842 902 928 bonam
925 885 999 927 cum
1022 867 1086 928 suis
1108 865 1294 930 consiliariis

6 964 7 967 ’
101 963 369 1029 consultationem
393 965 489 1051 plane
515 965 637 1031 iudicat
664 987 728 1030 non
758 965 861 1032 solum
891 967 1052 1053 reliquias,
1081 991 1163 1054 quae
1187 991 1295 1056 super-

99 1079 176 1134 sunt
192 1068 371 1133 catholicae
390 1068 561 1154 religionis,
585 1069 643 1134 sed
665 1093 772 1156 nequo
795 1080 985 1156 potestatem
1008 1074 1294 1160 auctoritatemque

6 1168 7 1233 l
99 1195 194 1236 snam
218 1171 262 1236 ad
284 1174 466 1258 provincias
489 1172 549 1238 sibi
571 1173 733 1239 subiectas
756 1173 985 1260 gubernandas
1005 1179 1222 1242 neeessariam
1237 1179 1294 1242 vix

98 1297 197 1362 posse
221 1276 341 1342 diutius
364 1279 398 1342 in
420 1286 509 1342 tanta
530 1277 694 1363 religionis
717 1281 874 1344 varietate
898 1283 1091 1345 conservari.

207 1399 295 1463 Hinc
318 1397 350 1465 S.
379 1399 474 1464 Ser*
498 1403 643 1487 agnoscit
672 1401 782 1465 divino
813 1412 845 1467 et
874 1401 1015 1467 humano
1043 1425 1077 1466 se
1100 1403 1168 1467 iure
1191 1407 1294 1469 teneri

6 1522 7 1549 ³
100 1503 144 1568 ad
175 1505 284 1568 omnia
313 1503 479 1587 tentanda,
502 1512 538 1569 ut
559 1505 746 1590 religionem
770 1503 960 1570 catholicam
984 1505 1026 1570 ab
1048 1506 1218 1572 haereticis
1242 1507 1294 1573 dc·

6 1596 7 1623 ³
101 1607 274 1672 formatam
297 1617 330 1671 et
352 1630 538 1694 oppressam
561 1610 594 1672 iu
616 1611 784 1694 pristinum
808 1632 902 1674 suum
924 1620 1041 1674 statum
1064 1610 1206 1676 vindicet
1221 1633 1294 1675 auc·

101 1714 329 1797 toritatemque
353 1733 444 1777 suam
466 1713 530 1777 iam
552 1717 680 1778 omnino
702 1713 930 1778 labefactatam
952 1724 1131 1800 recuperet.

209 1831 367 1913 Quamvis
401 1843 509 1898 autem
543 1833 749 1919 optandum
783 1844 898 1918 esset,
936 1845 976 1900 ut
1009 1835 1294 1902 haereticorum

102 1939 278 2024 pravitas
300 1961 320 2002 a
342 1940 518 2024 principe
537 1940 692 2026 penitus
709 1941 1044 2024 exterminaretur,
1068 1942 1155 2025 quia
1170 1950 1295 2006 tamen

6 2122 7 2127 ἵ
101 2043 140 2107 id
155 2043 203 2108 ab
224 2065 266 2107 eo
289 2043 359 2108 hoc
382 2054 550 2129 tempore
572 2043 660 2108 fieri
682 2065 756 2108 non
780 2054 914 2130 potest,
938 2053 1047 2124 restat,
1063 2053 1098 2108 ut
1117 2067 1156 2108 ca
1171 2054 1295 2109 tantum

6 2132 7 2187 l
100 2169 286 2232 urgeamus,
310 2168 394 2232 quae
416 2147 560 2212 faciliora
582 2155 656 2212 suut
679 2156 710 2212 et
732 2170 796 2234 que
812 2170 886 2213 cum
903 2145 1101 2234 principibus
1118 2147 1295 2212 consultata

102 2263 178 2317 sunt
207 2262 241 2316 et
261 2253 436 2337 praecipue
458 2273 532 2316 cum
555 2253 720 2316 maiestate
744 2274 907 2336 caesarea,
937 2274 1000 2338 que
1023 2251 1155 2318 modum
1177 2255 1210 2317 in
1232 2252 1294 2317 hoc

102 2359 233 2442 negotio
263 2365 330 2420 tam
352 2366 500 2441 apertum
522 2357 740 2442 praescripsit,
763 2366 800 2421 ut
821 2357 922 2421 errari
944 2359 1001 2420 vix
1023 2357 1124 2442 possit
1146 2354 1241 2421 modo
1264 2367 1296 2422 et

103 2459 199 2527 serr·
216 2461 311 2525 sicuti
334 2461 385 2547 pie
408 2481 563 2547 aggressa
585 2470 643 2545 est,
667 2462 712 2527 ita
733 2471 863 2526 strenue
885 2471 1010 2548 pergat.

207 2584 252 2649 Et
280 2586 428 2669 quamvis
457 2584 609 2669 princeps
639 2585 672 2648 in
700 2582 961 2649 concessionibus
986 2583 1026 2648 de
1048 2582 1201 2671 religione
1224 2608 1294 2671 per·

105 2690 229 2754 rexerit
250 2687 311 2752 sub
335 2690 430 2752 certis
453 2686 697 2772 conditionibus,
720 2696 816 2775 prout
838 2687 940 2753 verba
963 2690 1204 2754 concessionum
1219 2692 1296 2754 satis

105 2792 260 2877 indicant,
290 2795 366 2879 quia
391 2802 501 2858 tamen
522 2794 583 2879 ipsi
605 2792 788 2878 praedictas
812 2793 1008 2859 conditiones
1030 2815 1094 2857 non
1117 2804 1295 2878 servarant,

106 2906 232 2963 certum
261 2906 321 2982 est,
349 2898 529 2983 principem
559 2896 645 2962 nullo
674 2898 744 2961 iure
773 2899 875 2961 teucri
905 2896 948 2962 ad
971 2919 1030 2961 sua
1052 2900 1208 2983 promissa
1231 2919 1294 2962 ser·

106 3001 225 3067 vande.
272 3001 396 3067 Tamen
427 3023 486 3066 sua
507 3000 672 3067 Celsitudo
698 3010 833 3086 accepto
855 3000 1005 3067 Caesaris
1032 3000 1163 3066 consilio
1185 3023 1295 3066 secun-

6 3103 7 3126 ¹
107 3106 184 3171 dum
216 3104 362 3171 ciusdem
389 3105 555 3172 consilium
576 3108 752 3191 genuinam
775 3128 916 3171 suarum·
929 3106 1169 3170 concessionum
1192 3104 1296 3170 decla·

6 3189 7 3250 l
107 3213 263 3275 rationem
284 3209 371 3293 fecit,
393 3208 472 3275 nibil
495 3212 623 3275 omnino
646 3210 839 3275 revocando.

210 3331 335 3395 Verum
356 3353 431 3395 cum
452 3332 603 3417 princeps
626 3352 699 3395 eam
721 3330 859 3395 subditis
881 3332 946 3395 suis
963 3329 1211 3395 declarationem
1227 3352 1296 3415 pro-

108 3436 293 3523 mulgasset,
329 3435 500 3501 noluerunt
532 3433 618 3500 illam
651 3434 806 3520 recipere,
838 3457 911 3499 cum
941 3444 1050 3499 tamen
1083 3435 1154 3498 iura
1186 3432 1296 3518 velint,

107 3552 142 3607 ut
163 3542 384 3626 unusquisque
410 3541 451 3604 sit
481 3561 610 3604 suorum
643 3538 815 3603 verborum
845 3540 1013 3624 interpres,
1044 3547 1084 3602 et
1113 3538 1296 3623 quamvis

107 3645 138 3711 S.
171 3645 280 3711 Sere·
309 3644 452 3709 nullam
480 3645 517 3708 in
550 3643 618 3707 tali
653 3642 919 3735 declaratione
953 3640 998 3707 de
1032 3640 1226 3707 nobilibus
1260 3651 1298 3706 et

107 3748 318 3814 baronibus
351 3749 580 3813 mentionem
612 3745 766 3831 fecerit,
797 3745 855 3811 sed
886 3755 1010 3811 tantum
1040 3744 1081 3810 de
1111 3744 1234 3811 civibus
1266 3756 1297 3811 et

107 3852 324 3940 popularibus,
347 3862 455 3917 tamen
475 3850 598 3917 nobiles
613 3861 819 3937 sumpserunt
839 3852 1051 3937 patrocinium
1073 3853 1214 3937 ipsorum
1236 3850 1297 3916 sub

106 3958 169 4023 hoc
189 3966 375 4044 praetextu,
406 3956 503 4043 quod,
534 3959 618 4021 sicut
645 3959 678 4021 in
708 3955 994 4023 contributiouibus
1024 3964 1098 4021 sunt
1127 3957 1297 4039 coniuncti,

107 4065 150 4127 ita
179 4064 213 4127 in
243 4059 399 4146 religione
428 4061 540 4126 uolunt
568 4061 722 4147 separari.
767 4058 974 4126 Addiderunt
1001 4062 1097 4125 etiam
1118 4061 1297 4146 principem

108 4169 310 4233 consensisse
340 4165 400 4231 illis
430 4188 470 4231 ea
499 4166 615 4249 omnia,
637 4188 721 4252 quae
743 4164 904 4231 nobilibus
927 4167 1084 4231 concessit
1105 4165 1139 4229 in
1161 4172 1298 4250 quatuor

6 4341 7 4344 ,
108 4270 300 4337 civitatibus.
338 4270 382 4336 Et
403 4269 445 4336 ad
468 4269 530 4335 hoc
553 4270 809 4335 confirmandum
831 4268 998 4334 adducunt
1020 4268 1121 4333 verba
1144 4268 1297 4353 principis

6 4387 7 4390 ’
107 4378 137 4441 iu
169 4377 386 4441 concessionis
416 4374 547 4440 decreto
578 4384 736 4457 contenta,
767 4373 934 4439 videlicet:
978 4371 1116 4435 Possunt
1146 4393 1209 4434 esse
1232 4369 1297 4433 sesi

6 4471 7 4474 ¹
109 4480 189 4545 cirea
213 4490 242 4543 et
259 4480 451 4566 populures,
481 4502 530 4543 me
552 4478 817 4564 quemadmodum
839 4480 993 4543 hactenus
1011 4485 1148 4563 propter
1168 4474 1297 4560 religio-
