3100 5025
1265 297 1303 362 11

104 486 263 550 eveniant
285 497 318 550 et
340 484 384 549 ad
406 487 631 571 paganismum
652 486 785 553 tandem
809 489 915 554 omnia
938 488 1081 555 tendant.
1122 489 1218 571 Quod
1240 514 1304 558 ma-

103 589 175 654 lum
197 588 238 654 cl.
260 589 353 654 Deus
376 588 554 674 prohibeat.

214 693 381 759 Postremo
411 705 520 779 posset
549 693 657 761 Ser²¹¹
683 695 844 764 archidux
874 696 936 762 hoc
970 701 1144 784 praecipue
1178 699 1237 764 illis
1271 702 1303 764 in

105 798 254 864 medium
269 797 435 864 adducere
450 800 596 864 nimiast
617 799 750 866 molesta
772 801 898 866 illorum
920 804 1156 888 importunitate
1172 804 1304 886 facturn,

105 916 144 968 nt
173 902 236 967 illis
266 925 326 989 per
351 901 675 969 inconsiderationem
705 903 827 991 aliquid
849 910 1054 992 concesserit,
1083 910 1173 972 cuius
1196 911 1302 974 statim

103 1008 151 1072 sd
174 1030 212 1072 se
234 1029 404 1072 reversum
426 1011 608 1093 penituerit,
632 1020 700 1074 tum
722 1009 808 1096 quod
833 1033 926 1076 suum
949 1034 1013 1078 non
1036 1014 1078 1078 sit
1093 1011 1133 1076 de
1149 1012 1303 1100 religione

104 1112 298 1196 decernere,
322 1123 355 1178 et
376 1111 476 1178 multo
498 1115 603 1178 minus
627 1112 804 1199 quidquam
819 1114 1008 1200 concedere,
1032 1126 1100 1181 tum
1116 1119 1211 1182 etiam
1228 1120 1303 1203 quia

105 1240 213 1303 grave
243 1239 325 1282 onus
354 1220 534 1302 imponeret
562 1219 690 1284 animae
712 1241 801 1302 suae,
833 1221 859 1283 si
882 1218 977 1284 aliam
1000 1219 1187 1307 religionem
1210 1245 1229 1286 a
1253 1245 1303 1286 ca·

106 1324 240 1408 tholiea,
263 1325 381 1408 inqua
403 1332 507 1406 natus,
530 1322 723 1408 baptizatus,
748 1323 904 1390 educatus
926 1347 966 1390 ac
988 1327 1069 1391 mori
1091 1336 1223 1411 paratus
1246 1338 1303 1411 est,

105 1440 142 1494 et
170 1450 272 1514 quam
303 1426 480 1492 defendere
509 1449 549 1491 ae
579 1429 661 1492 tueri
690 1430 765 1492 totis
795 1428 918 1493 viribus
950 1427 1055 1514 dehet,
1087 1432 1120 1496 in
1150 1431 1304 1496 ditionem

104 1555 203 1598 suam
218 1531 379 1598 introduci
399 1541 572 1618 pateretur,
597 1540 629 1596 ct
650 1531 749 1596 multo
772 1535 886 1618 magis,
914 1535 940 1598 si
963 1533 996 1598 id
1019 1536 1087 1620 ipse
1111 1535 1305 1601 concederet

107 1649 142 1704 et
170 1641 393 1720 assentiretur,
433 1638 524 1702 cuius
558 1647 646 1702 certe
679 1636 755 1702 mali
791 1649 825 1702 et
859 1639 975 1702 erroris
1009 1640 1171 1706 racionem
1205 1643 1305 1706 nesci-

107 1753 168 1826 ret,
202 1740 362 1827 quomodo
389 1763 498 1806 coram
527 1741 600 1806 Deo
630 1751 795 1827 praestare
826 1752 859 1806 et
884 1744 1025 1808 animam
1055 1765 1147 1810 suam
1178 1744 1305 1810 salvare

107 1849 222 1934 possit,
252 1868 309 1931 pro
337 1869 403 1932 qua
424 1849 492 1931 ipse
524 1857 556 1910 et
585 1869 649 1912 non
678 1846 759 1912 alius
786 1868 844 1932 pro
867 1849 936 1932 ipso
959 1848 1023 1912 Dei
1045 1848 1199 1914 iudicium
1222 1849 1305 1914 subi·

106 1965 202 2018 turus
232 1954 281 2015 sit.
305 1951 501 2015 Persuasum
531 1960 640 2016 antem
669 1950 791 2016 habere
821 1952 1034 2037 provinciales
1064 1975 1128 2017 non
1156 1955 1199 2017 ita
1221 1954 1304 2020 male

108 2080 190 2144 erga
206 2057 386 2141 principem
401 2076 495 2119 suum
511 2077 581 2120 esse
597 2057 765 2139 animatos
788 2064 824 2120 ut
839 2057 906 2120 eius
930 2077 992 2120 nou
1016 2055 1118 2123 solum
1140 2057 1304 2122 infamiam

108 2160 170 2226 sed
194 2163 292 2225 etiam
314 2161 443 2225 animae
465 2162 642 2245 perniciem
672 2171 705 2224 et
734 2161 869 2224 exitium
899 2159 1006 2246 aliqua
1036 2162 1069 2226 in
1091 2183 1126 2226 re
1150 2170 1303 2247 expetere

107 2265 233 2330 nedum
256 2287 412 2350 quaerere
436 2264 547 2347 velint,
569 2263 630 2328 sibi
653 2287 731 2330 vero
753 2267 798 2328 ita
821 2267 1027 2330 constitutum
1046 2287 1126 2344 esse,
1149 2275 1185 2330 ut
1200 2267 1305 2330 omnia

109 2369 175 2434 alia
205 2368 304 2451 malit,
335 2391 432 2454 quam
459 2371 609 2455 propriae
635 2370 762 2434 animae
785 2368 965 2454 periculum
988 2367 1108 2454 facere,
1139 2368 1305 2455 quaesibi

110 2473 262 2540 omnibns
284 2472 396 2539 mundi
419 2473 577 2539 thesauris
600 2475 704 2539 carior
725 2475 775 2539 sit.

217 2578 264 2644 Ut
293 2588 401 2643 autem
431 2576 510 2643 Serti
531 2579 571 2642 V.
596 2578 638 2643 ob
668 2578 776 2643 oculos
806 2587 953 2664 ponatur,
982 2580 1195 2665 provinciales
1219 2579 1306 2645 ditio-

109 2704 191 2748 num
222 2682 313 2749 Sermi
334 2681 517 2747 archiducis
548 2682 655 2748 Caroli
683 2684 874 2769 praesertim
905 2683 1033 2769 Styriae
1064 2694 1095 2747 ct
1122 2683 1307 2749 Oarinthiae

110 2786 190 2851 nihil
219 2786 308 2853 aliud
338 2786 460 2852 habere
490 2788 698 2872 propositum,
729 2788 948 2871 cogitationes,
973 2809 1086 2851 sensus
1110 2798 1142 2853 ct
1164 2790 1305 2853 actiones

110 2914 225 2957 omnes
247 2891 373 2956 illorum
395 2914 459 2957 non
482 2891 544 2956 alio
565 2890 701 2956 tendere
724 2914 764 2956 ac
788 2890 891 2975 dirigi,
925 2914 1024 2977 quam
1053 2902 1089 2957 ut
1117 2892 1306 2977 religionem

111 2996 306 3061 catholicam
336 2999 480 3082 inprimis
511 2996 659 3061 emedio
686 2996 808 3081 tollant,
839 3009 907 3061 tum
938 2998 1035 3061 etiam
1070 3008 1105 3061 ut
1126 2999 1306 3083 principem

112 3122 207 3165 suum
237 3101 299 3165 sibi
329 3099 490 3165 subiciant
520 3102 607 3165 omni
637 3099 740 3165 libera
770 3110 928 3185 potestate
958 3111 989 3165 et
1012 3103 1145 3186 imperio
1167 3104 1305 3187 privent,

112 3216 209 3291 atque
231 3207 278 3269 ita
299 3204 453 3290 paulatim
476 3206 657 3289 astringant
679 3203 815 3269 vinculis
840 3216 871 3269 et
894 3204 1042 3287 nexibus,
1072 3214 1108 3269 ut
1130 3226 1201 3269 sese
1231 3228 1305 3291 quo-

113 3332 209 3394 quam
232 3320 361 3373 vertere
384 3332 424 3373 ac
446 3309 578 3374 flectere
601 3308 725 3394 absque
748 3309 873 3372 illorum
897 3319 977 3372 nutu
1000 3329 1039 3371 ac
1062 3310 1221 3393 permissu
1242 3330 1306 3373 non

114 3416 211 3498 possit
240 3423 274 3477 et
304 3413 436 3477 demum
467 3412 614 3499 perdant,
646 3424 681 3477 ut
709 3414 771 3497 ipsi
798 3433 927 3498 quoque
951 3412 1143 3497 sempiterno
1166 3414 1306 3477 interitui

113 3518 244 3582 obnoxii
276 3528 360 3600 sunt,
392 3517 444 3581 hic
474 3539 580 3603 pauca
612 3517 773 3603 quaedam
796 3516 829 3581 id
851 3518 981 3602 generis
1005 3516 1155 3602 exempla
1178 3540 1305 3583 enume-

114 3623 201 3703 rabo,
233 3645 277 3687 ex
307 3622 424 3708 quibus
454 3622 550 3687 Ser²⁸³
574 3623 614 3687 V.
639 3622 778 3706 colliget,
810 3644 872 3707 quo
896 3624 1002 3685 animo
1024 3621 1238 3707 provinciales
1261 3622 1305 3687 illi

114 3728 145 3790 in
167 3729 346 3813 principem
369 3748 463 3791 suum
485 3726 592 3791 affecti
616 3729 679 3791 sint
701 3736 733 3789 et
755 3748 853 3811 quam
876 3727 905 3789 ei
928 3724 1014 3789 bene
1036 3728 1166 3811 cupiant
1187 3748 1226 3791 ac
1243 3748 1304 3812 quo

116 3854 186 3896 eum
211 3831 331 3895 ducere
354 3830 537 3913 intendant3
561 3833 616 3915 qui
640 3854 678 3893 ca
702 3832 798 3893 ctiam
823 3831 940 3893 astutia
963 3839 994 3892 et
1017 3829 1190 3893 calliditate
1214 3842 1304 3895 utun·

116 3948 174 4019 tur,
204 3946 241 3999 ut
271 3956 345 3998 cum
374 3933 496 4020 aliquid
519 3956 538 3998 a
562 3934 594 3999 S.
616 3933 700 3999 Sertl
727 3943 922 4018 extorquere
946 3932 1066 4017 volunt,
1095 3932 1180 4019 quod
1204 3936 1306 4019 prima

116 4038 218 4103 fronte
240 4060 275 4102 se
304 4060 399 4124 posse
429 4039 603 4124 impetrare
632 4047 688 4102 aut
718 4038 844 4121 ponitus
876 4035 1025 4101 diffidant
1051 4035 1104 4100 vel
1127 4059 1201 4101 cum
1225 4036 1305 4101 dilli-

115 4141 232 4207 cultate
267 4140 402 4207 credant
434 4164 493 4227 pro
522 4140 630 4227 aliqua
661 4149 753 4227 parte
785 4150 909 4205 tantum
939 4142 1058 4205 instent
1089 4150 1120 4205 et
1148 4139 1304 4205 laborent.

117 4246 188 4326 Qua
210 4245 342 4311 tandem
366 4245 498 4311 obtenta
520 4246 581 4311 sibi
603 4248 690 4310 viam
712 4244 835 4310 faciunt
865 4248 1077 4331 aperiuntque
1106 4244 1240 4329 aditum,
1272 4255 1307 4309 ut

117 4353 210 4416 etiam
232 4350 392 4437 reliquum
414 4372 434 4415 a
457 4350 490 4417 S.
508 4350 590 4416 Ser‘0
607 4348 761 4435 paulatim
785 4357 999 4435 extorqueant
1029 4348 1082 4412 vel
1114 4349 1241 4433 ipsimet
1271 4347 1304 4412 id

117 4456 218 4540 ipsum
246 4465 413 4540 usurpent,
443 4456 488 4519 ita
516 4464 552 4519 ut
581 4456 646 4518 voti
678 4455 728 4518 sui
759 4462 922 4539 compotes
953 4452 1040 4537 fiant,
1076 4472 1173 4537 quam
1203 4461 1305 4515 artem

118 4570 179 4622 tam
200 4560 234 4622 in
255 4556 354 4625 rebus
376 4558 605 4644 temporalibus
629 4580 726 4644 quam
748 4559 846 4622 etiam
861 4554 1079 4642 spiritualibus
1095 4552 1305 4639 impetrandis
