3100 5025
245 289 266 353 6

247 507 339 550 suam
365 507 447 568 erga
476 483 665 570 religionem
695 483 887 548 catholicam
910 482 1058 548 omnibus
1082 483 1226 548 declaret
1249 495 1280 549 et
1306 493 1441 549 testetur

247 600 280 654 et
307 587 497 653 haeresibus
527 588 755 674 erroribusque
786 611 829 654 ex
860 591 1066 654 conniventia
1088 591 1122 653 in
1145 588 1215 654 dies
1238 589 1442 675 serpentibus

248 703 372 759 mature
395 702 553 778 occurrat,
584 695 611 757 si
638 693 767 758 divinae
795 693 926 779 gloriae,
950 693 1107 758 ecclesiae
1130 692 1251 777 honori,
1276 697 1441 760 conscien-

247 800 311 864 tiae
334 820 422 882 suae,
444 799 581 863 nominis
605 821 644 863 ao
666 798 806 864 familiae
829 797 992 885 splendori
1015 796 1195 863 consultum
1217 797 1304 862 velit.

353 903 449 983 Quod
476 904 509 970 S.
531 902 589 969 δι’·
608 926 673 990 qua
700 913 750 968 est
770 905 803 968 in
827 904 936 968 Deum
959 913 991 968 et
1013 905 1046 968 iu
1069 903 1238 968 ecclesiam
1261 904 1380 989 pietate
1403 925 1443 966 ac

249 1030 409 1094 propenso
432 1008 500 1073 zelo
530 1008 640 1073 facere
670 1009 798 1073 omnino
830 1009 1000 1091 constiutit,
1029 1009 1105 1071 inito
1127 1009 1216 1093 prius
1248 1005 1377 1072 consilio
1401 1005 1443 1072 de

248 1111 344 1177 modo
368 1124 400 1177 et
421 1115 551 1177 racione
574 1112 693 1198 agendi
715 1111 840 1198 absque
863 1111 927 1178 ullo
949 1111 1086 1176 tumultu
1110 1133 1149 1176 ac
1170 1111 1313 1197 periculo
1345 1121 1377 1176 et
1406 1133 1443 1175 re

249 1219 320 1302 ipsa
342 1239 417 1282 cum
438 1217 521 1283 Sertl
535 1219 575 1283 V.
600 1228 633 1282 et
653 1217 748 1283 serm
764 1217 848 1281 duee
871 1218 1041 1300 Bavariae,
1069 1219 1102 1282 in
1130 1216 1246 1303 quibus
1269 1215 1442 1302 plurimum

250 1321 392 1406 confidit,
415 1331 592 1408 opportune
616 1325 860 1387 communicata.

354 1425 394 1491 Id
424 1449 484 1512 ego
514 1426 610 1492 valde
641 1425 867 1492 commendavi
897 1435 929 1491 et
959 1436 994 1491 ut
1024 1447 1121 1512 quam
1149 1426 1287 1511 primum
1309 1425 1442 1510 faceret,

250 1532 346 1595 etiam
381 1534 477 1614 suasi,
510 1534 666 1616 tantisper
704 1529 920 1616 supersedens
953 1528 1097 1596 adventu
1126 1552 1198 1594 meo
1234 1530 1340 1616 quoad
1371 1553 1444 1596 can·

251 1634 417 1700 cellarium
454 1658 547 1700 suum
584 1634 724 1700 aulicum
762 1635 927 1700 dominum
958 1634 1190 1720 Wolfgangum
1223 1634 1367 1700 Sebranz
1401 1635 1443 1699 ad

252 1739 357 1806 Serae
377 1740 417 1806 V.
442 1752 475 1805 et
504 1741 622 1805 Sermum
644 1741 805 1805 Bavariae
836 1740 953 1805 ducem
984 1741 1052 1804 eius
1083 1742 1129 1804 rei
1163 1761 1262 1805 causa
1296 1743 1443 1806 misisset.

254 1844 363 1926 Quare
394 1868 468 1910 cum
498 1848 525 1909 is
554 1868 641 1909 nunc
665 1845 752 1932 apud
775 1845 880 1911 Sertem
898 1845 937 1910 V.
960 1845 1057 1908 fuerit
1079 1868 1118 1908 ac
1142 1847 1188 1909 rei
1211 1847 1305 1910 totius
1328 1848 1445 1910 seriem

253 1961 285 2017 et
314 1953 538 2016 necessitatem
573 1950 686 2036 procul
719 1950 818 2015 dubio
853 1950 1074 2035 explicaverit,
1110 1949 1188 2013 mihi
1221 1949 1283 2014 boo
1319 1959 1445 2016 tantum

252 2065 361 2141 restat,
386 2066 420 2121 ιιι
435 2053 539 2120 Ser‘tm
555 2056 595 2120 V.
612 2059 740 2121 nomine
756 2053 809 2122 Smi
826 2054 881 2141 (D.
894 2053 952 2140 N.)
968 2056 1065 2119 etiam
1084 2062 1181 2140 atque
1205 2056 1301 2119 etiam
1323 2077 1445 2140 rogem,

252 2171 288 2226 ut
318 2184 376 2247 pro
399 2182 456 2225 suo
479 2159 634 2246 singulari
656 2162 689 2224 in
711 2161 898 2246 religionem
922 2159 1112 2224 catholicam
1135 2158 1241 2223 studio
1264 2171 1297 2224 et
1318 2159 1446 2226 ardenti

254 2264 334 2349 zelo,
357 2267 524 2350 sapientia,
554 2264 652 2348 longa
673 2287 783 2329 rerum
806 2265 1007 2350 experientia
1030 2273 1062 2328 et
1083 2285 1145 2328 usu
1167 2263 1263 2329 serv
1279 2263 1447 2329 archiduci

254 2368 370 2434 Carolo
392 2369 483 2433 fratri
506 2390 562 2432 suo
585 2368 762 2434 clarissimo
785 2371 817 2434 in
840 2371 919 2434 tanti
942 2370 1095 2434 momenti
1116 2369 1244 2453 negotio
1264 2391 1327 2432 non
1344 2367 1446 2433 solum

255 2475 474 2540 necessarium
504 2482 536 2537 et
566 2483 779 2560 opportunum
809 2473 976 2539 consilium
998 2473 1155 2560 praebeat
1177 2472 1236 2539 sed
1258 2474 1355 2539 etiam
1377 2472 1448 2539 hor-

254 2589 349 2662 tetur,
380 2577 508 2645 studeat
538 2589 571 2643 et
592 2581 734 2644 animum
757 2578 868 2663 addat,
892 2589 926 2643 ut
948 2578 982 2643 id
1004 2578 1138 2643 viriliter
1159 2580 1324 2663 suscipere
1347 2588 1380 2643 et
1401 2580 1447 2643 in-
1477 2566 1480 2571 ’

253 2682 380 2769 trepide
403 2693 651 2770 constanterque
674 2686 791 2770 exequi
815 2706 879 2748 non
902 2684 1099 2749 intermittat.

359 2789 431 2852 Hoc
464 2790 562 2853 etiam
595 2789 704 2853 facere
736 2787 844 2871 debet,
874 2811 939 2859 uon
971 2787 1073 2877 solum
1088 2778 1090 2783 ’
1103 2799 1138 2853 ut
1169 2786 1329 2852 maculam
1359 2786 1447 2852 illam

255 2915 353 2979 quam
382 2894 501 2957 nomini
531 2916 588 2958 suo
618 2916 657 2959 ac
685 2894 792 2958 Serme
815 2892 923 2959 domui
945 2892 1138 2957 Austriacae
1161 2892 1216 2958 tali
1240 2895 1447 2967 concessione

255 3020 389 3081 gravem
420 3000 590 3080 contraxit,
622 2998 717 3081 eluat,
747 2998 807 3062 sed
833 2998 932 3063 multo
955 2998 1057 3082 magis
1080 3000 1177 3062 otiam
1199 3007 1234 3062 ut
1257 2996 1447 3063 scandalum

256 3102 344 3168 tollat
367 3101 452 3188 quod
475 3105 646 3167 universae
670 3103 826 3169 ecclesiae
849 3101 961 3167 intulit.
1010 3100 1106 3183 Quod
1130 3104 1156 3166 si
1178 3102 1347 3167 tremenda
1374 3113 1449 3169 sunt

255 3206 309 3271 illa
331 3207 453 3271 aeterni
475 3205 590 3271 iudicis
612 3207 723 3290 verba,
748 3207 807 3292 qai
829 3205 1103 3270 scandalizaverit
1126 3228 1229 3269 unam
1250 3206 1289 3270 de
1307 3206 1449 3291 pusillis

256 3311 339 3393 istis,
370 3311 428 3395 qui
450 3312 488 3374 in
510 3334 557 3375 me
581 3312 727 3395 credant,
755 3311 884 3397 aspedit
907 3310 945 3387 ei,
969 3320 1007 3373 at
1029 3310 1250 3395 suspendatur
1271 3310 1357 3375 mola
1385 3311 1448 3374 osi-

256 3415 356 3478 aaria
379 3415 415 3477 in
438 3415 519 3479 collo
541 3415 613 3479 eius
635 3425 664 3479 et
686 3415 890 3501 decerpatur
913 3414 949 3477 ia
967 3414 1176 3499 profundum
1198 3416 1342 3479 maris:¹
1370 3414 1448 3500 quid

257 3518 298 3583 de
314 3542 351 3583 eo
371 3518 575 3584 sentiendum
594 3518 733 3602 videtur,
756 3521 897 3604 quinon
920 3540 1021 3583 unum
1043 3518 1102 3583 sed
1125 3518 1240 3584 multos
1262 3521 1358 3583 immo
1380 3520 1449 3582 uni·

256 3644 384 3686 versam
414 3623 584 3688 ecclesiam
614 3621 866 3688 scandalizavit?
912 3622 996 3687 Nam
1026 3644 1110 3687 anno
1143 3621 1226 3685 1572
1256 3624 1289 3687 in
1316 3624 1449 3687 comitiis

257 3727 380 3793 Grastii
402 3725 538 3812 habitis?
558 3726 790 3791 scandalizavit
805 3725 836 3790 S.
854 3725 948 3791 serm
963 3728 1147 3791 universam
1171 3725 1350 3808 ecclesiam,
1375 3748 1450 3791 cum

257 3828 507 3915 provincialibus
523 3832 683 3895 concessit
698 3832 730 3895 in
746 3832 855 3917 Styria
872 3828 1012 3915 quidem,
1036 3839 1071 3894 ιιι
1087 3830 1202 3915 Gratii,
1224 3832 1257 3895 in
1273 3829 1449 3909 Carintbia,

257 3943 327 3998 utro
351 3932 573 4018 Clagenfurdii
605 3943 637 3998 et
666 3935 698 3997 in
729 3933 875 3999 omnibus
898 3933 1028 3999 arcibus
1051 3957 1089 3998 ac
1112 3932 1190 3999 locis
1213 3936 1362 4020 propriae
1386 3933 1450 3998 illo·
1544 3920 1549 3927 ’

258 4058 328 4102 rum
352 4036 570 4103 iurisdiccioni·
590 4036 743 4103 subiectis
760 4040 839 4103 etin
854 4037 1008 4121 ecclesiis,
1032 4061 1169 4124 quarum
1185 4037 1228 4101 illi
1244 4037 1450 4103 advocatiam

300 4316 311 4349 ¹
328 4319 423 4370 unuh.
435 4320 537 4379 xvln,
555 4322 580 4369 6.

298 4404 403 4457 ’Aueb
425 4406 484 4457 hier
506 4407 550 4457 ein
570 4406 681 4466 Baucis,
704 4404 764 4456 dass
783 4406 830 4457 der
847 4406 971 4472 Landtag
991 4408 1057 4457 1572
1076 4407 1103 4457 in
1123 4405 1193 4457 Grae
1216 4406 1271 4456 und
1294 4405 1377 4467 nicht,
1401 4406 1452 4455 wie

327 4493 358 4543 v.
374 4492 410 4542 ιι.
429 4492 524 4556 noyer
545 4478 655 4558 (trouv
677 4491 720 4542 sn·
742 4499 835 4544 aaron.
860 4494 955 4545 uach.
974 4494 1015 4554 va,
1034 4492 1097 4558 ses)
1122 4493 1295 4558 sssaupssa,
1313 4494 1342 4543 sn
1361 4492 1451 4543 arua

326 4586 407 4650 tagre.
445 4578 470 4632 S.
488 4581 577 4630 maine
594 4578 718 4647 Ausgabe
736 4578 784 4630 der
801 4579 956 4631 ateirischen
976 4578 1159 4644 Pacification,
1177 4579 1202 4631 S.
1217 4580 1258 4629 64.
