3100 5025
1254 345 1295 412 15

98 533 259 619 addictos,
290 537 335 600 ita
364 544 401 600 ut
429 537 507 622 ipsis
537 535 681 602 similiter
714 534 757 601 ab
794 535 988 602 adversariis
1027 535 1181 624 deinceps
1217 536 1295 602 nihil

98 644 230 706 omnino
252 643 372 726 negotii
395 641 461 706 fiat.
508 640 602 721 Quae
625 663 700 706 cum
722 663 742 705 a
765 639 798 706 S.
815 639 899 706 Seri*
917 643 962 708 ita
984 651 1133 707 oretenus
1160 641 1295 706 fuissent

99 744 274 832 explicata,
310 747 371 831 ipsi
400 746 520 831 scripto
549 745 643 811 aliter
673 744 908 832 comprehensa
940 747 1039 832 signis
1073 769 1112 810 ac
1146 745 1294 812 manibus

97 851 235 936 propriis
259 849 447 914 confirmato
469 848 708 934 amplificarunt
729 871 769 913 ac
791 848 1000 934 divulgarunt
1014 873 1078 914 non
1094 852 1162 914 sine
1177 872 1295 935 magno

99 953 131 1018 S.
155 951 250 1020 serr*
273 951 434 1019 dedecore
462 976 503 1019 ac
532 955 668 1019 nominis
698 952 839 1018 infamia.
884 952 987 1020 Aiunt
1017 957 1103 1020 enim
1133 953 1166 1018 S.
1190 953 1295 1020 Sertem

98 1060 244 1124 animum
273 1080 368 1124 suum
391 1058 452 1123 boc
475 1057 571 1123 modo
593 1057 790 1142 declarasse,
814 1057 985 1124 videlicetl
1009 1057 1095 1145 qued
1117 1082 1157 1124 ea
1179 1059 1295 1142 omnia,

101 1185 185 1249 quae
209 1163 243 1230 S.
260 1162 355 1228 serr
371 1172 404 1228 et
426 1163 596 1228 consiliarii
619 1162 718 1228 semel
741 1165 945 1250 promiserint
966 1165 1001 1228 in
1022 1163 1185 1250 religionis
1208 1165 1293 1248 paci-

99 1267 254 1332 ficatione
283 1268 316 1330 in
346 1265 456 1352 Styria
485 1275 623 1333 tractata
652 1276 685 1332 et
711 1267 864 1332 conclusa
884 1278 981 1354 atque
1005 1269 1108 1353 ipsam
1129 1266 1292 1352 religionis

97 1371 367 1457 pacificationem,
395 1374 440 1436 ita
469 1381 505 1437 ut
534 1371 638 1456 decet,
669 1394 803 1438 servare
825 1371 904 1437 velit
926 1395 1004 1458 erga
1028 1370 1240 1458 provinciales
1264 1381 1296 1436 et

98 1498 223 1560 omnes,
254 1478 308 1561 qui
338 1474 549 1562 Augustanae
578 1486 653 1542 sunt
675 1477 894 1560 confessionis,
925 1498 1061 1562 quorum
1083 1478 1295 1542 conscientias

98 1579 293 1666 perturbare
314 1602 354 1645 ac
376 1578 547 1646 molestare
570 1581 657 1664 nolit,
681 1602 897 1667 praeservans
921 1581 981 1646 sibi
1004 1580 1140 1646 liberam
1163 1579 1294 1665 disposi-

97 1687 221 1750 tionem
250 1687 284 1750 in
313 1686 380 1750 suis
410 1684 593 1750 civitatibus
616 1685 743 1772 oppidis
765 1709 804 1750 ac
827 1687 963 1772 propriis
985 1685 1087 1769 bonis,
1119 1688 1164 1750 ita
1187 1694 1295 1750 tamen

98 1800 135 1854 ut
164 1789 290 1872 Gratia,
319 1787 546 1874 Judenburgo,
574 1788 805 1874 Olagenfurdio
834 1812 874 1855 ac
906 1788 1039 1855 Labaco
1069 1788 1295 1874 praedicentes

98 1903 132 1958 et
152 1892 283 1958 scholas
305 1892 485 1959 haereticas
508 1902 673 1959 amoturua
695 1917 758 1958 non
782 1897 831 1958 sit.
864 1893 958 1958 Nolle
982 1904 1099 1978 autem,
1122 1903 1159 1958 ut
1179 1895 1240 1979 ipsi
1262 1893 1295 1957 in

98 1997 171 2064 aliis
194 1997 379 2062 civitatibus
402 2008 433 2064 et
455 1996 580 2084 oppidis
603 1997 828 2085 praedicantes
851 2020 909 2084 pro
933 1997 1025 2063 libitu
1049 2019 1106 2062 suo
1130 1999 1294 2083 suscipere

99 2103 235 2188 possint,
262 2101 339 2166 licet
368 2104 401 2166 iu
431 2101 528 2166 rebus
560 2105 777 2168 conscientiae
807 2123 862 2167 eos
892 2111 1128 2188 aggravaturus
1158 2103 1293 2167 nonsit.
1337 2123 1339 2128 ·

99 2205 202 2272 Cuius
217 2227 297 2271 sane
316 2207 427 2292 scripti
449 2209 637 2272 extensione
659 2229 699 2272 ac
722 2206 907 2272 dilatamus
929 2207 1051 2272 factum
1074 2215 1132 2292 est,
1153 2215 1190 2271 ut
1203 2204 1296 2293 pleri·

99 2333 165 2398 qne
195 2311 295 2376 etiam
324 2312 414 2375 cives
444 2310 505 2375 sub
537 2333 575 2376 eo
606 2310 712 2376 colore
741 2334 781 2377 ac
804 2321 975 2399 praetextu
999 2309 1181 2377 huiusmodi
1202 2310 1294 2375 liber·

99 2425 201 2481 tatem
236 2415 270 2479 in
302 2414 459 2499 religione
491 2415 722 2501 praetendere*
741 2419 905 2503 coeperint
938 2427 970 2481 ct
1006 2414 1219 2502 provinciales
1256 2436 1296 2480 ac

98 2518 228 2585 nobiles
250 2520 310 2606 ipsi
333 2518 476 2605 quotidie
498 2520 728 2586 catholicorum
751 2520 905 2586 ecclesias
936 2544 1096 2607 occupare
1127 2530 1160 2585 et
1186 2520 1295 2586 haere-

98 2628 183 2691 ticos
205 2627 449 2690 concionatores
477 2625 684 2690 introducere
714 2648 840 2691 summa
870 2629 903 2690 vi
933 2624 1139 2691 contendant.
1185 2626 1296 2706 Quare

100 2731 182 2795 satis
204 2729 355 2795 honestas
382 2739 416 2794 et
440 2740 594 2816 urgentes
624 2752 739 2796 causas
770 2730 907 2797 haberet
929 2731 962 2797 S.
990 2732 1084 2797 serre
1110 2730 1295 2815 revocandi,

102 2833 259 2921 quiequid
282 2834 344 2899 illis
365 2837 558 2919 permissum
580 2844 638 2900 est.
660 2834 822 2921 Exempla
845 2858 908 2901 non
932 2835 1057 2901 desunt.

209 2938 296 3003 Nam
326 2943 362 3003 ut
390 2940 519 3003 comitia
547 2938 602 3003 illa
631 2937 743 3004 ultima
772 2940 1030 3026 Muraepontana
1059 2939 1191 3005 dimissa
1212 2949 1296 3023 sunt,

104 3044 212 3129 coepit
234 3044 341 3108 statim
362 3042 478 3108 nobilia
499 3042 542 3108 de
557 3043 739 3109 Neuhaus
761 3066 821 3129 per
843 3047 1016 3110 sectarium
1039 3046 1296 3110 concionatorem

103 3147 278 3212 haereseos
299 3147 422 3214 ibidem
443 3170 599 3235 spargere
622 3151 756 3232 semina,
780 3157 816 3213 ut
837 3151 983 3235 superius
1007 3148 1128 3215 dictum
1151 3158 1209 3213 est.

209 3251 312 3317 Paulo
326 3263 400 3339 post
414 3255 510 3319 etiam
526 3254 639 3317 civius
655 3253 868 3319 Leobensis
891 3253 934 3319 ad
956 3276 1007 3317 res
1030 3275 1131 3317 novas
1154 3252 1297 3317 studium

104 3358 271 3443 applicuit,
302 3355 503 3444 disciplinam
533 3358 619 3423 enim
649 3357 839 3423 catholicam
869 3358 1116 3444 subterfugiens,
1145 3359 1297 3423 sectarios

103 3460 284 3526 introduxit
297 3483 337 3525 ac
352 3461 545 3546 parrochum
561 3461 754 3527 catholicum
776 3465 968 3528 renitentem
991 3464 1190 3549 contempsit.
1224 3460 1298 3542 Qua

105 3562 146 3629 de
161 3586 197 3629 re
212 3575 327 3630 extant
341 3565 467 3630 litterae
489 3563 522 3630 S.
538 3564 592 3631 ga.
606 3565 648 3630 ad
671 3565 866 3651 parrochum
890 3568 1028 3653 scriptae
1051 3569 1083 3631 in
1106 3566 1167 3632 hoc
1186 3566 1297 3632 modo:

105 3668 271 3734 Perlatum
295 3679 344 3734 est
365 3668 408 3733 ad
430 3691 488 3735 nos
510 3669 684 3755 parochiae
707 3681 782 3736 tuae
805 3670 983 3736 Leobensis
1007 3671 1187 3757 spirituales
1217 3670 1297 3737 filios
1374 3706 1376 3711 =

106 3773 169 3837 iam
201 3772 279 3839 inde
313 3796 333 3837 a
366 3773 617 3859 provincialibus
651 3776 785 3841 comitiis
815 3777 930 3860 nostris
960 3776 1164 3861 Muraeponti
1194 3798 1299 3861 nuper

107 3876 233 3962 habitis,
264 3877 362 3943 valde
391 3879 532 3964 superbe
561 3901 601 3944 ac
623 3890 889 3965 praesumptuose
912 3902 983 3945 sese
1006 3882 1039 3945 in
1061 3879 1222 3966 religionis
1245 3904 1297 3945 ne·

108 3982 190 4063 gotio
219 4004 334 4068 gerere
365 3992 413 4070 et¹
428 4004 560 4047 causam
590 3986 698 4048 nescio
729 3986 820 4048 cuius
852 3983 999 4049 licentiae
1030 4006 1127 4070 quam
1157 4006 1214 4049 nos
1237 3984 1297 4049 illis

110 4082 168 4168 (uti
197 4084 359 4171 dicfitant)
389 4085 580 4152 durantibus
609 4087 724 4153 iisdem
752 4088 886 4152 comitiis
908 4087 1093 4153 dederimus
1116 4111 1179 4154 non
1202 4088 1297 4153 modo

112 4189 288 4272 petulanter
318 4200 350 4255 et
379 4194 612 4257 contumaciter
641 4192 769 4258 efferari
792 4214 906 4256 verum
929 4196 1022 4257 etiam
1047 4192 1201 4279 singulari
1223 4216 1298 4279 qua·

152 4450 241 4504 ¹Was
259 4470 315 4504 nun
333 4452 402 4519 folgt
419 4456 453 4504 iat
470 4455 533 4507 eine
550 4455 754 4522 Uebsrsetanng
772 4455 819 4506 der
837 4454 1020 4517 Pacification,
1038 4456 1082 4505 die
1099 4456 1155 4505 sich
1173 4458 1252 4505 somit
1269 4456 1297 4505 in

177 4538 227 4589 dan
245 4539 361 4591 llindeu
384 4540 430 4590 dea
448 4541 564 4592 Nuntius
587 4542 723 4593 belunden
746 4542 835 4593 habea
859 4548 965 4592 musste.
1003 4542 1029 4593 S.
1048 4542 1127 4605 ,Eine
1145 4541 1298 4606 Fltlschuug

176 4624 221 4676 dea
233 4626 426 4677 Vieekanalers
444 4626 580 4690 Schranr‘,
597 4628 615 4678 l.
628 4644 650 4680 c.
663 4628 689 4679 S.
702 4629 761 4679 866.
