3100 5025
1236 287 1300 354 325

102 475 172 542 und
202 475 280 542 solle
310 476 370 542 der
399 477 521 563 aniang
550 480 607 543 mit
634 477 741 544 denen
763 478 925 564 gemacht,
949 478 1073 544 welche
1095 482 1128 543 in
1151 479 1300 544 timbtern

102 580 174 646 und
195 603 248 646 am
270 580 341 647 hoff
359 583 438 646 sein.

210 684 239 749 9.
264 685 334 750 Der
348 685 387 750 F.
403 684 448 750 D*
465 684 542 750 solle
557 709 633 752 man
656 707 715 752 aus
738 677 814 752 dem
833 688 924 752 sinuo
940 686 1041 751 reden
1058 685 1121 752 den
1135 686 1301 772 nichtigen

100 787 291 873 gedanken,
314 788 362 854 als
385 789 425 854 ob
449 792 494 856 im
515 789 613 855 lande
636 793 688 855 ein
709 789 876 856 ausetandt
897 813 939 855 zu
961 789 1123 876 besorgen
1146 789 1248 877 (denn
1264 813 1301 855 er

100 893 174 957 sich
204 892 322 959 descen
350 896 397 958 nit
426 893 588 980 besorgen
618 893 719 979 dari),
748 897 809 960 wie
840 893 965 960 eolches
996 894 1049 960 die
1082 895 1211 982 exempl
1242 895 1300 960 des

94 999 245 1084 jetzigen
267 997 405 1084 kriegen
429 997 507 1084 (sic)
535 997 603 1064 und
630 998 770 1064 anderer
790 998 953 1065 lbblichen
975 997 1085 1065 thateu
1108 987 1299 1065 ausweisen.

3 1164 4 1195 Ξ
212 1101 262 1166 10.
293 1103 381 1167 Dass
411 1102 464 1166 die
494 1102 641 1189 prelaten
669 1103 739 1168 ihre
769 1102 873 1190 reglin
900 1105 935 1168 in
965 1101 1124 1190 klaidung
1152 1103 1219 1169 und
1242 1103 1301 1170 ehr

3 1196 5 1271 ἶ
100 1204 237 1292 vleissig
258 1204 376 1270 hulten.

3 1289 5 1314 ¹
215 1311 264 1373 11.
288 1310 360 1374 ner
385 1309 571 1396 snwnng
593 1309 636 1375 n.
656 1310 818 1396 espanes
841 1310 999 1396 aegeam
1021 1311 1098 1376 sone
1121 1311 1205 1377 enen
1231 1333 1300 1397 pre-

99 1414 192 1479 laten
214 1412 367 1478 ernstlich
390 1413 586 1498 auserlegen,
610 1413 685 1479 dass
708 1417 755 1478 sie
778 1438 819 1479 su
841 1414 920 1479 aller
942 1414 1009 1479 und
1027 1415 1125 1501 jeder
1138 1414 1301 1480 ilirfellen-

99 1518 169 1583 den
199 1516 278 1582 noth
307 1517 367 1582 der
392 1517 430 1582 F.
447 1519 491 1582 D*
510 1520 604 1583 einen
634 1517 852 1583 furderlichen
883 1518 951 1583 und
981 1527 1096 1584 treuen
1127 1519 1301 1605 beystendt

98 1621 172 1687 und
194 1621 268 1685 hilff
287 1623 438 1707 ersaigen
460 1621 529 1687 und
551 1622 627 1687 dass
650 1645 688 1708 sy
710 1621 861 1688 hinfuran
884 1622 955 1687 ihre
975 1621 1194 1688 catholischen
1208 1633 1301 1688 wart-

98 1723 208 1810 gelter
226 1723 315 1789 selbe
329 1724 437 1790 haben
460 1725 539 1790 oder
560 1725 630 1791 ihre
652 1725 740 1812 plart
762 1728 809 1791 nit
832 1724 955 1792 andern
979 1725 1147 1792 auslaesen
1161 1726 1301 1792 eondern

3 1826 4 1891 j
100 1829 279 1894 deheimen
301 1827 388 1894 selbo
410 1828 565 1894 erhalten.

3 1998 4 2003 ,
210 1932 260 1996 12.
288 1932 348 1997 Die
369 1931 596 1998 hetaerieehen
619 1932 837 2020 puechlllerer
858 1932 925 1998 und
944 1933 1186 2019 pueohtrucker
1201 1933 1301 1998 sollen

3 2048 5 2079 ⁸
100 2036 324 2103 alleuthalben
346 2038 553 2122 ausgetriben
575 2037 643 2102 und
665 2037 750 2104 allen
772 2036 990 2103 undersaesen
1013 2037 1114 2105 eollen
1129 2036 1301 2102 derselben

3 2164 5 2227 ᾗ
99 2141 250 2228 puecher
271 2140 444 2206 verbotten
466 2140 609 2208 werden.

3 2234 4 2249 l
208 2246 261 2310 Im
280 2245 419 2332 ubrigen
440 2245 522 2312 aber
543 2246 654 2312 werde
675 2254 745 2331 gott
761 2245 941 2331 fursehung
963 2245 1093 2310 thucn.¹

143 2472 154 2504 ¹
175 2475 232 2525 Dor
249 2473 409 2525 lateiniscbs
420 2474 490 2525 Text
507 2473 573 2540 licgt
591 2474 642 2526 bei.
672 2472 710 2525 Es
727 2474 763 2526 ist
781 2475 845 2527 eber
863 2471 1018 2535 awsiiellos,
1035 2471 1094 2525 dass
1113 2471 1186 2525 disse
1198 2472 1301 2525 Uebsr·

172 2568 286 2627 setsuug
303 2563 338 2611 im
352 2561 437 2612 Reich
454 2561 511 2612 und
528 2561 694 2612 namentlich
711 2563 741 2611 in
759 2560 812 2611 den
831 2560 1070 2613 osterreichiscben
1082 2560 1193 2611 Landen
1211 2561 1302 2611 starke

176 2648 358 2714 Verbreitung
376 2646 449 2699 land.
467 2648 574 2701 Ebenso
592 2648 758 2715 Weisungen
776 2663 812 2698 sn
830 2648 882 2698 den
899 2646 1068 2709 Erebiscbof,
1086 2646 1130 2697 die
1148 2664 1208 2699 sum
1222 2646 1301 2698 Theil

175 2735 244 2786 such
256 2735 483 2787 Iunsrtstsrreicb
501 2735 639 2786 betrsffen.
665 2734 704 2787 Es
717 2734 777 2785 sind
792 2736 823 2784 lb
836 2734 955 2785 Punkte:
975 2736 998 2785 1.
1017 2738 1048 2785 ut
1065 2734 1223 2800 expediatur
1240 2750 1302 2785 eon·

176 2820 290 2873 firmatio
312 2822 485 2885 coadiutoris3
507 2824 532 2871 2.
555 2827 587 2872 ut
607 2821 695 2872 eidem
717 2821 786 2872 serio
811 2821 968 2887 iniungatur
989 2836 1038 2886 per
1059 2819 1086 2871 S.
1105 2820 1213 2871 Petrum
1239 2836 1301 2871 con·

175 2909 294 2960 cedendo
312 2908 419 2974 plenam
442 2913 599 2975 potestatem
622 2907 744 2975 desuper,
767 2912 798 2958 ut
821 2914 917 2974 purget
938 2908 1027 2957 statim
1050 2905 1141 2957 aulam
1164 2922 1239 2957 suam
1267 2908 1302 2958 ab

175 2996 317 3046 haereticis
335 2996 490 3061 praesertim
508 2995 679 3059 consiliariis3
703 2997 727 3044 3.
746 2999 776 3044 ut
794 2993 911 3059 deponat
932 2994 1080 3043 haereticos
1098 2993 1255 3059 oppidorum
1275 3000 1302 3044 st

175 3084 272 3133 ιιιιὶιιιιι
294 3083 439 3149 prefectos3
461 3085 486 3133 4.
504 3088 536 3133 ut
553 3084 639 3148 erigat
656 3081 805 3148 salisburgi
823 3081 967 3148 collegium
984 3081 1164 3131 Hresaitarum
1183 3096 1244 3131 cum
1261 3096 1301 3132 se·

175 3170 297 3231 minatio,
315 3171 363 3235 qui
379 3170 499 3236 praesint
515 3171 690 3221 concionibus
708 3168 838 3235 publicis3
858 3170 881 3219 b.
900 3174 931 3219 ut
947 3169 1071 3219 instituet
1088 3182 1196 3219 suarum
1215 3167 1301 3219 dioce-

175 3257 244 3308 sium
262 3257 352 3307 statim
369 3255 523 3323 generalem
542 3257 740 3321 visitaciouem;
759 3257 784 3307 6.
797 3260 827 3306 ut
844 3254 892 3307 fiat
909 3255 1047 3320 inquisitio
1059 3270 1139 3321 super
1150 3253 1227 3305 libris
1239 3253 1302 3304 hae-

175 3344 266 3395 reticis
283 3342 356 3409 spud
373 3358 435 3393 suos
452 3342 592 3408 diaconos3
611 3344 635 3393 7.
653 3348 684 3393 ut
700 3346 825 3393 amoveat
842 3343 1043 3393 concionatores
1061 3346 1089 3392 st
1105 3340 1247 3407 parrochos
1259 3357 1302 3391 oc·

175 3430 248 3482 culte
272 3435 300 3481 st
322 3430 464 3481 manifeste
486 3430 648 3494 haereticos3
671 3430 696 3479 8.
715 3436 746 3479 ut
767 3434 843 3481 curet
865 3430 1068 3479 constitutiones
1090 3426 1232 3493 synodales
1255 3444 1303 3494 per

174 3519 266 3569 omnia
283 3522 311 3567 et
332 3518 439 3584 integra
459 3532 508 3583 per
525 3532 601 3568 suam
623 3516 750 3567 diocesim
774 3516 918 3582 diligenter
939 3517 1087 3580 observari3
1113 3516 1135 3565 9.
1160 3519 1191 3564 ut
1212 3516 1241 3565 in
1259 3515 1302 3567 bis

174 3604 300 3657 omnibns
315 3604 416 3657 hebeat
432 3605 530 3655 bonam
546 3602 809 3669 correspondentiam
821 3619 882 3655 cum
901 3602 1092 3666 archiduce;
1112 3604 1153 3653 10.
1165 3606 1196 3652 ut
1208 3603 1237 3651 in
1248 3602 1301 3651 sin·

173 3691 246 3759 gulis
263 3693 343 3743 suuis
360 3694 390 3741 in
407 3696 544 3757 posterum
559 3689 609 3741 fiat
623 3690 759 3757 generalis
771 3706 804 3741 sc
816 3689 941 3757 specialis
952 3690 1075 3741 visitacio
1087 3703 1136 3755 per
1146 3685 1301 3755 generalem

175 3795 253 3830 suum
271 3780 411 3840 ricarium,
434 3780 483 3843 qui
498 3777 613 3843 desuper
631 3792 692 3828 cum
710 3775 793 3843 plena
811 3782 943 3843 potestate
962 3777 1107 3827 constituat
1123 3779 1178 3826 tam
1196 3776 1226 3823 in
1243 3790 1301 3840 pre·

174 3866 243 3917 latos
261 3872 289 3917 et
306 3866 449 3932 parrochus
467 3870 592 3915 uxoratos
604 3868 632 3915 et
644 3880 697 3914 non
711 3868 849 3927 uxoratos3
872 3866 911 3914 11.
924 3867 955 3912 ut
965 3862 1074 3929 synodis
1085 3863 1141 3913 suis
1155 3860 1302 3911 consiliarii

173 3954 300 4004 intersint
316 3954 414 4003 sinceri
431 3957 460 4003 st
477 3952 603 4003 catholici
621 3966 683 4001 cum
695 3951 796 4001 vicario
814 3950 935 4016 generali
953 3955 981 4000 et
998 3948 1199 4013 archidiacon03
1220 3948 1303 3999 taut

173 4039 304 4091 tollantur
320 4038 466 4106 privilegis
482 4039 723 4103 protonotariorum
740 4035 909 4103 legitimsndi
927 4034 997 4087 lilios
1015 4037 1118 4103 spurios
1135 4035 1302 4097 clericorum,

174 4130 240 4193 quis
256 4127 387 4193 praebent
404 4140 513 4177 causam
531 4140 585 4176 non
603 4125 741 4175 minimam
753 4125 809 4174 suis
821 4123 951 4189 peccandi
968 4122 1082 4175 liberam
1100 4126 1128 4173 et
1145 4120 1302 4172 clericorum

175 4215 293 4267 mnndi
314 4214 453 4266 licentiam
475 4218 576 4263 certam
598 4212 634 4263 sd
655 4216 758 4277 partem
781 4210 877 4263 saltem
898 4215 964 4277 puta
986 4209 1143 4275 legitimam,
1170 4208 1302 4273 reliquum

176 4301 306 4352 ecclesiae
323 4300 413 4364 cedat3
438 4301 478 4348 le.
502 4302 533 4350 ut
554 4314 604 4365 per
620 4298 838 4349 archidiaconum
856 4312 933 4348 suum
953 4302 981 4347 st
998 4296 1129 4346 ricarium
1147 4294 1302 4361 generalem

175 4389 267 4454 exigat
287 4404 337 4437 sno
360 4401 468 4452 quoque
488 4390 609 4451 tempore
632 4391 735 4435 stouras
757 4389 913 4451 praesentes
937 4389 965 4434 st
987 4383 1117 4434 metantes
1139 4396 1189 4432 nec
1205 4380 1255 4430 ulli
1273 4381 1303 4430 in

174 4475 224 4525 boc
246 4480 353 4541 parcat3
377 4476 418 4523 14.
436 4476 467 4523 ut
489 4473 634 4523 retinentia
657 4471 836 4521 domino-suo
859 4472 924 4521 citat
941 4470 976 4521 sd
994 4485 1023 4521 se
1040 4468 1257 4520 archidiaconum
1275 4469 1303 4517 st

174 4566 249 4627 petat
264 4576 341 4613 suam
358 4560 554 4611 iustitutionem
572 4558 607 4609 de
625 4558 860 4609 constitutionibus
878 4561 905 4609 et
923 4558 1047 4623 iniungat
1059 4553 1100 4605 illi
1112 4560 1143 4604 ut
1154 4552 1200 4603 fist
1212 4553 1302 4602 statim
