3100 5025
1214 331 1277 396 243

82 522 153 588 8¹⁸¹
177 521 217 587 V.
241 543 280 587 eo
302 544 367 588 nou
389 521 548 607 obstante,
571 522 710 588 eundem
732 521 829 608 plane
851 521 940 587 illum
963 523 1105 588 animum
1128 544 1206 608 erga
1228 545 1280 588 me

82 625 238 713 deinceps
261 636 526 692 conservaturam
552 649 634 711 esse,
666 647 729 712 quo
752 649 804 692 me
827 625 984 692 hactenus
1006 637 1141 712 paterne
1164 649 1204 692 ac
1226 626 1280 691 be-

81 733 181 818 nigne
204 731 390 817 amplexata
412 741 471 798 est.
509 731 595 797 Nam
618 753 679 818 ego
702 741 833 795 econtra
864 731 970 796 eidem
992 730 1035 796 8¹³
1059 733 1209 818 promitto
1240 753 1280 796 sc

80 834 227 920 spondeo
248 857 302 900 me
324 858 389 900 nna
412 857 487 900 cum
502 837 640 920 coniuge
653 857 694 900 ac
709 834 819 900 liberis
834 837 914 900 meis
930 846 1135 902 sacrosancte
1152 845 1280 902 nostrae

80 937 262 1004 catholicae
277 939 424 1024 religioni
447 939 489 1004 ad
513 961 587 1004 eras
609 961 713 1025 usque
734 939 870 1004 firmiter
892 959 1102 1004 assessurum.
1137 939 1220 1004 Item
1234 941 1279 1002 in-

80 1052 284 1109 crementum
314 1053 346 1108 et
375 1046 639 1130 propagationem
669 1046 738 1108 eius
760 1044 909 1109 omnibus
932 1042 1100 1110 conatibus
1123 1045 1192 1109 sinc
1215 1043 1280 1108 ulla

79 1149 277 1233 exceptione
298 1150 439 1233 ingenue
465 1149 582 1233 iugiter
603 1155 851 1234 procuraturum
874 1157 906 1212 et
927 1156 963 1212 ut
978 1149 1157 1212 summatim
1175 1146 1281 1213 dicam

78 1274 99 1316 a
113 1250 171 1316 Sffl
186 1252 228 1317 V.
248 1261 281 1317 et
301 1251 396 1316 huius
418 1251 523 1318 almae
545 1251 740 1336 apostolicae
762 1250 848 1316 sedis
869 1251 1052 1317 obedientia
1074 1252 1282 1318 observantia

78 1354 145 1419 fide
178 1377 218 1420 ac
249 1355 337 1420 cultu
365 1358 399 1420 in
428 1366 597 1422 aeternum
625 1378 691 1421 non
719 1355 946 1422 discessurum.
984 1356 1037 1420 De
1061 1376 1126 1441 qus
1148 1355 1280 1442 quidem

78 1482 154 1524 mea
179 1459 403 1526 declaracione
425 1482 465 1525 ac
487 1461 696 1546 promissione
720 1481 795 1526 cum
818 1459 852 1526 S·
874 1460 916 1524 V.
939 1461 1116 1525 certissima
1147 1462 1281 1526 securis·

77 1566 229 1649 simaque
247 1585 320 1628 esse
342 1565 466 1649 poterit,
489 1574 558 1629 tum
580 1572 706 1628 lentum
723 1561 769 1649 (l)
795 1562 835 1628 de
859 1585 919 1628 sua
941 1586 1020 1650 erga
1043 1586 1094 1629 me
1117 1565 1181 1628 ism
1204 1566 1282 1628 satis

77 1667 158 1733 mihi
190 1668 359 1753 explorata
387 1677 524 1753 paterne
554 1665 781 1732 benevolentia
810 1666 1002 1754 depromere
1032 1677 1064 1732 et
1093 1666 1281 1734 adiunctum

77 1774 248 1858 scriptum,
271 1771 358 1858 quod
373 1771 468 1838 buius
483 1774 611 1856 negocii
624 1773 742 1836 seriem
755 1770 925 1836 verbosius
942 1774 1091 1855 continet,
1113 1771 1281 1837 commodo

2 1862 4 1925 3
76 1897 134 1940 suo
160 1876 305 1962 benigne
327 1877 495 1962 percipere
518 1897 558 1941 ac
580 1874 659 1940 mihi
687 1883 800 1961 postea
828 1877 1001 1960 gratiosam
1025 1897 1117 1940 suam
1139 1884 1281 1939 mentem

2 1974 4 1985 ‘
77 1980 168 2065 quod
185 2003 239 2044 me
261 1979 399 2066 amplius
422 1980 532 2051 fecere
555 1979 692 2045 voluerit
714 1978 855 2064 desuper
877 1979 1060 2064 siguificare
1083 1978 1277 2064 dignabitur.

2 2152 3 2155 ,
76 2084 166 2150 Nam
189 2088 218 2148 si
240 2084 273 2149 S.
289 2084 330 2149 V.
354 2084 449 2170 plane
471 2105 662 2169 persuasum
685 2082 827 2166 habebit,
859 2085 1020 2149 neminem
1051 2105 1132 2166 esse,
1162 2085 1217 2168 qui
1250 2085 1278 2146 ei

2 2198 3 2201 ’
77 2210 129 2252 me
161 2190 270 2273 magis
299 2191 332 2253 in
364 2187 512 2253 omnibus
540 2209 663 2252 morem
692 2209 808 2273 gerere
830 2189 1037 2273 paternisque
1060 2188 1127 2250 eius
1150 2187 1278 2251 monitis

2 2336 4 2365 l
77 2314 135 2377 pro
160 2294 250 2357 omni
272 2291 483 2377 possibilitate
505 2293 711 2377 acquiescere
734 2299 767 2356 et
789 2291 923 2376 obsequi
944 2289 1120 2356 desideret:
1144 2312 1207 2354 uon
1223 2289 1280 2355 fel·

2 2388 3 2407 ³
76 2395 165 2462 latur
186 2398 257 2460 eins
273 2447 281 2461 .
298 2447 306 2461 .
324 2448 332 2461 .
348 2398 621 2483 omnipotentem·
634 2397 745 2461 Deum
758 2395 1000 2460 misericordem
1016 2417 1121 2476 orans,
1145 2403 1181 2460 ut
1202 2393 1281 2459 mihi

77 2500 120 2566 ad
143 2499 182 2565 id
204 2499 437 2587 praestandum
458 2500 546 2567 vires
568 2499 697 2585 elargiri
720 2509 752 2566 et
771 2498 814 2567 ge
833 2499 873 2566 V.
898 2501 1039 2565 omnium
1062 2521 1193 2565 suorum
1215 2501 1279 2583 pio-

2 2673 3 2694 ᾖ
78 2628 151 2671 rum
168 2615 318 2669 votorum
338 2614 482 2690 optatum
504 2607 628 2669 exitum
650 2603 832 2670 concedere
854 2626 958 2690 eaque
982 2603 1076 2669 simul
1099 2603 1142 2669 ad
1165 2603 1279 2669 multos

77 2731 183 2775 annos
199 2708 358 2774 ecclesiae
373 2732 453 2775 suae
468 2718 601 2775 sanctae
615 2708 783 2775 florentem
807 2730 1000 2775 conservare
1024 2730 1064 2774 ec
1086 2710 1168 2773 tueri
1191 2707 1278 2773 velit.

1 2807 3 2822 '
77 2815 200 2879 Datne.

649 2986 721 3052 128.

77 3143 290 3225 Denlrscltrift
318 3164 362 3207 on
391 3144 452 3208 der
472 3143 576 3225 Popst
605 3143 682 3207 iiber
711 3142 764 3207 die
792 3144 829 3207 in
850 3143 962 3226 Beaop
991 3144 1058 3224 anf
1080 3143 1131 3208 die
1157 3142 1277 3226 Geyer-

2 3309 4 3348 J
77 3250 290 3331 reformatioo
311 3250 348 3312 io
371 3247 636 3313 Ionerdsterreicb
657 3246 959 3329 dnmotlopendco
981 3246 1080 3329 Wepe.
1114 3246 1277 3330 (Kotleob-

2 3349 4 3440 J
76 3353 166 3418 seber
188 3352 355 3434 Hosstoot.
385 3351 671 3417 Einverstdrtdmss
690 3352 751 3415 mir
765 3350 924 3433 Salaberp
945 3349 1014 3414 ond
1028 3350 1188 3433 Aquileja.
1222 3349 1277 3415 Je-

76 3454 333 3538 suitencollepicn
346 3457 383 3520 in
398 3454 445 3521 St.
459 3454 539 3535 Vett,
555 3454 698 3519 Laeboclt
712 3455 782 3519 cod
796 3454 890 3521 Gora.
914 3454 1117 3519 Katholo'solre
1131 3452 1276 3518 Sobolen.

2 3565 3 3574 ’
297 3558 432 3642 Hebuop
454 3560 513 3624 der
533 3558 724 3624 loiroblc'olrcn
745 3558 935 3644 Disciplin.)
972 3561 1068 3623 1581.

138 3702 240 3769 (ln-A„
257 3701 371 3752 Reform.
385 3700 510 3751 Berichte
527 3715 563 3751 an
581 3700 634 3750 don
651 3700 741 3765 Papst
758 3699 808 3749 H.-
820 3698 866 3749 H„
878 3714 905 3749 u.
919 3698 998 3750 St.·A.
1013 3700 1132 3750 Steierm.
1146 3698 1216 3759 XV.)

185 3856 285 3938 Quod
301 3857 333 3922 S.
346 3858 389 3922 D.
402 3856 448 3921 M.
477 3854 595 3922 idermm
610 3854 820 3921 archiducem
836 3852 988 3919 Carolum
1010 3856 1142 3940 eiusque
1164 3851 1278 3917 fideles

78 3961 215 4049 populos
238 3970 303 4026 tam
327 3962 470 4046 paternis
485 3960 586 4024 oculis
601 3961 747 4045 aspicere
764 3966 797 4022 et
812 3957 986 4043 specialem
1002 3960 1156 4025 nuncium
1171 3959 1277 4021 virum

2 4085 4 4120 f
76 4076 168 4133 tanta
183 4064 358 4153 prudentia
372 4067 489 4149 pietate
504 4086 545 4128 ac
559 4065 688 4149 generis
703 4060 887 4129 nobilitate¹
901 4061 1063 4146 preditum
1074 4060 1117 4125 ad
1129 4060 1277 4127 SJSer‘ffi

2 4163 3 4202 l
78 4169 239 4257 deputare
262 4168 413 4253 dignatus
434 4168 541 4252 fuerit,
564 4169 620 4252 qui
642 4166 773 4231 consilio
789 4174 821 4231 et
835 4165 956 4229 auxilio
971 4187 1029 4230 suo
1044 4168 1088 4230 ita
1103 4167 1133 4229 ei
1149 4174 1276 4251 praesto

118 4441 130 4464 ⁸
149 4433 204 4483 Vor
221 4432 433 4496 omnipotentem
451 4431 486 4479 ist
504 4428 649 4480 sweifellos
667 4430 711 4480 ein
725 4428 801 4479 Wort
813 4426 989 4493 ausgelnlleu,
1007 4432 1077 4479 etwa
1095 4442 1148 4477 non
1165 4426 1276 4477 fallatur

147 4520 284 4570 Sanctitas
302 4518 369 4568 eius.

123 4604 133 4637 ¹
151 4606 246 4657 Ueber
263 4605 308 4655 die
325 4604 472 4655 vcrnchme
489 4604 684 4669 Abstammnug
701 4602 875 4667 Malaspina's
892 4616 913 4652 s.
926 4601 995 4652 oben
1013 4601 1058 4651 Nr.
1072 4601 1114 4662 40,
1132 4599 1158 4649 S.
1172 4601 1214 4649 66.

1071 4682 1118 4737 16*
