3100 5025
220 275 264 339 56

222 479 358 555 quenter
386 469 564 534 infestatur.
609 469 659 533 Ne
689 477 796 532 autem
827 491 869 533 ex
903 478 994 553 parte
1028 491 1086 532 sua
1113 467 1311 554 quidquam⁸
1338 521 1343 532 .
1370 521 1376 533 .
1403 521 1410 532 .

221 596 299 658 gere
322 571 470 637 videatur
497 572 556 636 sed
585 573 693 657 faciat,
717 583 873 658 quantum
897 583 1010 658 potest,
1042 596 1061 638 e
1084 573 1282 658 principibus
1305 573 1412 637 catho-

222 677 302 760 licis,
326 675 384 740 sed
407 699 540 763 nuper
569 678 694 741 etiam
723 700 743 740 a
765 699 891 741 summo
912 677 1062 763 pontifice
1085 701 1144 764 per
1166 677 1413 742 illustrissimum

223 780 421 845 cardinalem
434 779 666 868 Madru(cium)
689 783 802 867 petivit
823 778 988 846 eonsilium
1011 792 1043 846 et
1065 781 1229 865 auxilium,
1254 805 1315 869 quo
1339 783 1413 846 suh-

224 885 305 950 ditos
328 885 465 951 rebelles
488 885 530 949 ad
551 885 766 950 obedientiam
783 884 965 973 (revo)care
981 909 1020 950 ac
1035 886 1222 972 religionem
1238 885 1412 971 collapsam

224 992 390 1054 restituere
405 992 515 1075 possit,
538 993 621 1055 sicut
643 1013 685 1054 ex
707 992 814 1056 animo
838 991 946 1056 facere
970 990 1133 1056 desiderat
1154 1013 1194 1055 ac
1215 992 1307 1074 forte,
1330 993 1415 1056 sicut

224 1116 328 1181 spero,
350 1094 537 1181 propediem
560 1117 604 1159 ex
626 1095 706 1160 urhe
729 1095 875 1160 solatium
898 1094 1027 1182 aliquod
1050 1094 1215 1163 obtinebit.

328 1199 441 1284 Nuper
474 1201 507 1264 in
538 1202 671 1264 comitiis
701 1200 843 1266 Stiriacis
875 1222 947 1264 cum
978 1197 1098 1263 domini
1128 1198 1340 1284 provinciales
1370 1202 1414 1264 in-

226 1305 397 1386 sinuarent,
428 1325 463 1367 se
489 1327 553 1368 non
576 1327 670 1390 posse
693 1305 733 1370 de
756 1304 854 1370 rebus
878 1306 1044 1390 propositis
1067 1313 1216 1388 nectare,
1240 1306 1301 1368 nisi
1323 1307 1414 1390 prius

225 1411 293 1494 ipse
308 1406 468 1473 archidux
488 1408 530 1474 ad
552 1411 695 1496 ipsorum
716 1408 929 1495 petitio(nem)
953 1407 1172 1494 responderet,
1196 1408 1326 1473 tandem
1341 1432 1414 1474 con-

227 1523 357 1577 vocatos
388 1536 499 1578 omnes
528 1536 592 1579 non
622 1514 723 1579 solum
753 1513 794 1579 ob
824 1512 921 1578 talem
955 1512 1186 1598 impudentiam
1217 1511 1339 1578 duriter
1370 1516 1415 1578 in-

227 1620 371 1702 crepavit
407 1618 465 1682 sed
503 1629 535 1683 et
568 1618 727 1704 sigillatim
761 1620 960 1684 examinavit
993 1616 1132 1702 singulos
1169 1616 1308 1704 publice,
1342 1617 1416 1704 al)

227 1724 260 1785 in
294 1745 366 1787 eam
399 1745 468 1788 rem
499 1725 743 1807 consensissent.
791 1723 854 1804 Qui
886 1745 959 1786 cum
994 1724 1108 1807 partim
1142 1743 1177 1785 sc
1210 1732 1416 1806 excusarent,

228 1825 312 1890 hanc
335 1826 517 1913 vi(deli)cct
543 1831 685 1914 ipsorum
714 1837 856 1892 mentem
887 1850 950 1892 non
977 1827 1086 1909 fuisse,
1115 1829 1231 1912 partim
1253 1839 1416 1912 rogarent,

228 1953 269 1996 ne
292 1933 338 1996 sic
360 1931 620 2019 indignaret(ur),
644 1935 676 1997 in
699 1935 811 1998 timore
836 1943 867 1996 et
890 1942 1026 1996 tremore
1050 1930 1133 1995 bene
1157 1930 1281 1996 confusi
1300 1929 1416 1996 disces·

227 2048 348 2122 serunt,
376 2060 489 2102 verum
512 2047 620 2102 tamen
651 2061 724 2102 cunr
755 2036 925 2123 (vi)deant,
956 2039 1062 2122 ipsum
1085 2035 1207 2100 viribus
1230 2035 1414 2101 destitutum

230 2165 310 2227 esse,
341 2152 376 2206 ut
403 2142 488 2229 quod
510 2143 619 2206 faeere
642 2140 739 2206 vellet
760 2164 823 2205 non
848 2140 990 2227 po(ssct),
1013 2163 1075 2204 nec
1098 2140 1231 2206 multum
1259 2139 1339 2204 tales
1369 2161 1416 2204 re·

229 2247 458 2332 prehensiones
481 2259 596 2311 curant
617 2257 673 2312 aut
694 2249 815 2312 timent.
1078 2229 1080 2236 Ι

333 2352 524 2435 Magistrum
559 2353 667 2416 curiae
700 2350 933 2434 Lutheranum,
969 2353 1023 2436 qui
1057 2351 1226 2415 multorum
1260 2348 1418 2414 malorum

231 2465 343 2520 auctor
365 2456 481 2537 fuerat,
512 2457 576 2521 iam
599 2454 717 2520 dimisit
747 2464 779 2520 et
806 2456 838 2519 in
863 2456 930 2519 eius
952 2455 1058 2519 locum
1080 2456 1203 2540 recepit
1226 2452 1419 2519 catholicum

230 2559 479 2643 marischallum,
502 2582 672 2646 perquem
688 2560 796 2625 aulam
819 2581 911 2624 suam
933 2562 1053 2624 rectius
1075 2558 1249 2644 gubernat3
1273 2558 1359 2622 unde
1383 2560 1421 2623 fit

232 2667 337 2745 etiam,
360 2674 397 2728 ut
419 2663 514 2729 aulici
538 2664 684 2728 catholici
709 2664 862 2749 deinceps
885 2666 968 2727 sicut
990 2673 1022 2727 et
1045 2662 1213 2727 consiliarii
1244 2671 1421 2748 querantur

233 2778 265 2832 et
294 2778 506 2834 assumantur.
551 2769 641 2833 Inter
669 2768 820 2833 satellites
851 2770 919 2832 eius
950 2778 983 2833 et
1004 2767 1119 2832 milites
1142 2767 1268 2853 plurimi
1290 2767 1421 2831 fuerant

233 2882 308 2937 ante
330 2872 518 2959 Lutherani,
542 2874 600 2939 sed
621 2887 674 2939 res
698 2897 735 2939 eo
759 2872 899 2938 deducta
923 2882 979 2957 est,
1004 2884 1048 2956 ut,
1072 2874 1126 2958 qui
1148 2871 1247 2937 nolint
1276 2871 1345 2936 fieri
1369 2894 1420 2935 ca·

232 2975 351 3061 tholici,
374 2977 583 3044 dimittantur.

339 3082 428 3147 Serio
451 3086 579 3169 scripsit
600 3107 704 3170 nuper
724 3095 860 3169 quatuor
876 3082 1043 3147 ordinariis
1060 3081 1305 3166 salisburgensi,
1328 3080 1422 3145 Bam·

235 3186 396 3273 bergensi,
431 3188 591 3255 Brixiensi
626 3200 658 3253 et
691 3190 900 3273 Frisingensi,
941 3188 994 3273 qui
1029 3185 1173 3250 subditos
1207 3194 1239 3250 et
1271 3184 1356 3250 bona
1389 3188 1423 3248 in

235 3294 334 3378 ipsius
361 3296 532 3377 provinciis
563 3293 694 3375 habent,
728 3304 764 3358 ut
794 3296 944 3358 nimirum
974 3303 1138 3377 tamquam
1169 3290 1245 3355 boni
1278 3302 1423 3376 pastores

234 3398 364 3461 visitent
375 3407 407 3461 et
419 3408 552 3483 pascant
563 3420 639 3463 oves
652 3420 727 3462 suas
740 3409 771 3463 et
788 3400 832 3463 eis
849 3398 1038 3484 praeficiant
1055 3395 1226 3460 catholicos
1242 3396 1423 3480 praefectos

233 3524 293 3566 seu
309 3504 502 3586 capitaneos,
518 3505 630 3567 amotis
646 3502 826 3587 haereticis,
847 3524 906 3588 per
922 3524 1000 3587 quos
1017 3522 1174 3565 consensu
1191 3498 1424 3565 ordinariorum

237 3605 355 3671 subditi
370 3608 564 3671 misserrime
584 3606 791 3690 seducuntur,
816 3617 847 3672 et
867 3618 901 3671 ut
918 3606 1060 3671 ccelesiis
1077 3606 1141 3670 suis
1157 3604 1198 3670 de
1214 3604 1304 3670 bonis
1321 3626 1424 3667 succr-

237 3710 364 3776 dotibus
387 3720 419 3775 et
441 3709 674 3775 archidiaconis
697 3711 898 3796 provideant.

341 3814 424 3879 Cum
458 3838 561 3900 nuper
594 3816 626 3878 in
661 3814 819 3899 quasdam
853 3813 1035 3879 archiducis
1070 3815 1215 3879 civitates
1250 3836 1270 3877 a
1300 3811 1425 3876 civibus

237 3919 415 3984 Lutherani
439 3922 679 3984 concionatores
701 3919 873 3985 introducti
898 3920 1041 4001 fuissent,
1072 3942 1090 3983 e
1118 3918 1251 4001 vestigio
1275 3916 1369 3981 Serta
1393 3916 1425 3981 S.

239 4047 297 4110 per
319 4045 435 4089 severa
457 4022 588 4088 decreta
618 4024 794 4107 mandavit,
829 4036 863 4089 ut
889 4046 953 4089 non
983 4023 1085 4087 solum
1116 4024 1353 4087 concionatores
1383 4020 1427 4084 illi

239 4126 297 4191 sed
332 4138 364 4192 et
397 4128 459 4210 alii,
494 4129 548 4213 qui
578 4150 632 4192 eos
663 4128 919 4211 introduxerant,
955 4130 986 4192 in
1018 4148 1165 4191 carceres
1196 4128 1426 4189 conicerentur.

240 4231 336 4297 Unde
367 4232 512 4319 plerique
545 4232 666 4317 fugisse
701 4232 861 4318 dicuntur,
893 4232 945 4296 alii
980 4254 1050 4296 seso
1086 4232 1248 4296 continent
1279 4233 1362 4294 intra
1394 4230 1427 4294 li·

240 4340 332 4404 mites
355 4360 439 4403 suos.

282 4579 293 4603 ⁸
310 4570 412 4621 Lticke.
