3100 5025
266 295 332 360 256

268 484 357 549 chias
379 485 450 548 illas
473 507 553 571 quas
576 493 772 569 usurparunt
795 484 964 550 ordinariis
987 485 1157 549 restituere
1179 483 1308 570 vellent,
1332 485 1459 571 quodii

268 588 423 654 eiusmodi
446 589 622 674 parrochiis
645 588 687 653 de
710 588 852 653 honestis
874 588 1097 654 sacerdotibus
1119 589 1291 675 providere
1314 612 1378 656 non
1393 613 1460 676 pos-

267 702 348 779 sent,
376 715 451 758 cum
471 695 636 758 rarissima
657 696 727 758 avis
750 693 799 758 his
821 695 855 757 in
877 695 971 759 terris
994 695 1035 758 sit
1057 693 1218 778 sacerdos,
1249 696 1303 779 qui
1325 717 1458 758 uxorem

266 797 319 862 vel
351 797 564 862 concubinam
594 819 659 863 non
688 798 817 862 habeat.
865 796 953 877 Quid
984 807 1092 863 autem
1122 799 1225 864 sancti
1258 819 1398 864 canones
1422 799 1458 863 de

193 891 197 898 ¹
269 901 425 967 eiusmodi
448 910 600 986 statuant,
623 902 657 966 id
680 925 795 987 perse
819 911 930 967 notum
952 911 1009 968 est.

370 1007 507 1074 Scholae
537 1009 703 1071 civitatum
725 1015 758 1070 et
781 1006 971 1093 oppidorum
995 1009 1207 1072 communiter
1227 1006 1338 1072 itidem
1361 1006 1461 1071 solum

267 1111 431 1177 catholicis
453 1111 632 1176 rectoribus
656 1111 905 1176 committendae
928 1122 1044 1196 essent,
1069 1111 1156 1198 quod
1176 1109 1208 1177 S.
1225 1111 1320 1178 Ser-⁵
1342 1113 1389 1176 ita
1411 1113 1461 1197 pie

267 1217 421 1302 deinceps
443 1237 617 1301 procurare
647 1218 774 1302 poterit,
805 1218 888 1280 sicut
915 1215 1072 1281 hactenus
1103 1215 1322 1281 indesinenter
1351 1237 1463 1302 procu·

266 1323 361 1384 ravit.
398 1321 581 1385 Nemeum
603 1343 666 1384 non
690 1341 806 1405 perum
836 1321 961 1385 intersit
990 1323 1037 1385 sic
1066 1320 1118 1385 vel
1148 1323 1194 1384 sic
1217 1343 1237 1384 a
1258 1321 1380 1385 teneris
1409 1341 1462 1384 un·

266 1425 403 1511 guiculis
426 1428 625 1491 iuventutem
647 1426 824 1508 assuefieri,
848 1423 889 1488 de
913 1447 951 1489 eo
974 1434 1062 1490 certe
1085 1424 1302 1510 superioribus
1317 1426 1463 1510 tempori-

266 1529 327 1594 bus
355 1531 377 1593 ii
407 1529 523 1615 quibus
553 1529 586 1593 id
616 1528 826 1594 incumbebat
856 1531 1010 1594 maiorem
1033 1551 1143 1594 curam
1166 1551 1205 1593 ac
1229 1527 1463 1593 solicitudinem

266 1633 389 1698 habere
413 1632 586 1699 debebant.

371 1737 406 1802 Si
435 1745 546 1823 postea
568 1735 669 1801 Revmi
698 1737 819 1801 domini
849 1736 1003 1801 ordinarii
1026 1735 1161 1822 collegia
1184 1759 1242 1801 sua
1265 1735 1464 1801 cathedralia

267 1844 358 1907 iuxta
388 1863 497 1907 sacros
528 1863 668 1907 canones
698 1841 912 1906 reformarent
941 1851 974 1906 et
1001 1843 1133 1926 pristine
1162 1843 1249 1906 vitae
1276 1861 1464 1905 aemorum

266 1948 477 2011 sanctimonia
499 1945 587 2031 apud
610 1967 665 2010 eos
687 1947 907 2028 revivisceret,
935 1945 1000 2010 dici
1022 1967 1084 2010 non
1107 1955 1221 2032 potest,
1252 1955 1410 2031 quantum
1432 1943 1465 2008 id

267 2049 444 2116 adiumenti
465 2050 539 2114 huic
560 2051 696 2135 negocio
719 2049 891 2114 conferret.

370 2155 509 2240 Insuper
530 2156 626 2218 etiam
649 2153 919 2218 consultissimum
942 2163 1036 2244 esset,
1060 2163 1095 2218 ut
1117 2152 1177 2218 illis
1199 2154 1277 2239 ipsis
1293 2151 1465 2217 ordinariis

267 2257 300 2324 S.
317 2259 412 2323 Ser*
433 2266 558 2322 tantum
577 2256 739 2322 facultatis
755 2256 959 2340 concederet,
983 2266 1019 2321 ut
1033 2259 1226 2322 monasteria
1241 2259 1348 2322 omnia
1363 2259 1465 2322 cuius·

270 2384 398 2448 cunque
426 2363 588 2447 roligionis
616 2365 651 2427 in
680 2363 741 2427 hiis
762 2362 910 2448 partibus
933 2364 1106 2428 existentia
1127 2364 1382 2448 quotiescunque
1405 2362 1466 2426 illis

269 2469 488 2532 necessarium
518 2488 589 2531 esse
611 2465 779 2532 videretur
802 2469 931 2533 visitare
954 2489 994 2532 ac
1017 2487 1057 2532 ea
1078 2468 1169 2532 iuxta
1191 2487 1300 2532 sacros
1323 2487 1466 2531 canones

268 2571 445 2636 reformare
460 2581 600 2657 possent.
624 2571 721 2652 Quod
738 2593 776 2636 eo
791 2571 985 2637 laudabilius
1000 2594 1040 2637 ac
1055 2570 1215 2636 salubrius
1231 2580 1325 2653 esset,
1342 2580 1466 2657 postea-

269 2696 367 2761 quam
388 2675 508 2761 aliquot
529 2696 573 2740 ex
596 2674 689 2739 dictis
711 2677 912 2739 monasteriis
935 2675 1035 2740 multa
1057 2674 1157 2739 millia
1178 2673 1380 2739 subditorum
1412 2674 1465 2739 ha-

267 2778 357 2863 bent,
380 2784 435 2865 qui
455 2802 566 2845 omnes
588 2801 608 2844 a
630 2780 781 2867 praelatis
804 2782 881 2865 ipsis
897 2789 929 2845 et
944 2802 1055 2844 eorum
1072 2778 1283 2845 conventibus
1298 2788 1466 2864 tamquam

269 2906 289 2947 a
312 2884 470 2969 capitibus
499 2887 564 2950 suis
594 2887 681 2949 sanis
710 2885 764 2948 vel
786 2885 920 2949 infirmis
944 2883 1139 2969 dependent.
1177 2884 1353 2948 Praeterea
1376 2894 1467 2947 certo

269 2987 424 3053 affirmari
449 2999 554 3075 potest
575 2990 693 3054 Rev¹¹¹⁰⁵
724 2988 869 3054 dominos
899 2988 1076 3053 ordinarios
1107 2988 1181 3053 olim
1210 3010 1284 3053 suos
1315 2990 1466 3070 vicarios,

270 3092 433 3177 officiales,
463 3092 706 3157 archidiaconos
728 3101 761 3156 et
783 3095 970 3157 consistoria
992 3092 1112 3178 aliquot
1133 3095 1166 3157 in
1187 3092 1265 3157 locis
1288 3094 1344 3178 qui
1366 3091 1466 3156 refor-

220 3176 226 3191 ’
269 3197 388 3262 mando
418 3198 505 3262 clero
535 3208 567 3262 et
595 3196 813 3262 vindicandae
843 3196 993 3283 publicae
1023 3218 1147 3262 morum
1178 3196 1336 3261 honestati
1366 3205 1467 3282 atque

269 3302 351 3367 adeo
382 3304 477 3367 etiam
506 3300 695 3366 retinendae
725 3310 758 3364 et
787 3299 1017 3385 propagandae
1040 3310 1167 3364 nostrae
1190 3299 1334 3383 religioni
1358 3298 1467 3364 catho

268 3406 350 3470 licae
365 3413 520 3491 perpetuo
540 3403 781 3485 incumbebant,
804 3426 891 3467 nuno
914 3426 992 3469 vero
1015 3406 1083 3468 eius
1106 3404 1152 3468 rei
1174 3406 1230 3469 vix
1251 3404 1388 3487 vestigia
1412 3426 1466 3489 ap-

269 3519 393 3593 parent,
424 3518 456 3572 et
485 3517 657 3594 propterea
682 3507 866 3573 mirandum
888 3530 951 3573 non
976 3518 1024 3574 est
1046 3508 1133 3595 quod
1155 3509 1257 3573 omnis
1279 3507 1348 3571 fere
1372 3506 1466 3571 disci-

268 3613 356 3697 plina
378 3611 597 3675 ecclesisstica
619 3614 763 3677 extincta
786 3621 817 3677 et
839 3614 1053 3699 paucissimae
1073 3613 1202 3697 vigiliae
1218 3632 1315 3697 super
1329 3632 1468 3697 gregem

269 3716 388 3782 domini
410 3719 444 3779 in
471 3736 542 3780 esso
572 3719 643 3781 sint.
688 3718 803 3803 Itaque
833 3720 859 3782 si
883 3718 941 3785 S*
964 3718 997 3785 S.
1021 3721 1188 3805 pristinum
1211 3720 1347 3785 nitorem
1370 3719 1467 3781 eain

268 3830 360 3906 parte
383 3819 554 3905 desideret,
578 3820 698 3886 efficiat
719 3821 807 3907 apud
831 3822 861 3888 d.
878 3822 909 3889 d.
931 3824 1118 3906 ordinarios,
1141 3834 1177 3888 ut
1198 3823 1303 3888 officio
1319 3843 1377 3887 suo
1394 3821 1468 3887 abs·

269 3946 332 4009 que
362 3926 448 3989 omni
478 3924 669 3990 dilatacione
698 3926 906 3993 satisfaciant.
952 3929 1037 3993 Nam
1070 3927 1173 3993 donec
1196 3926 1230 3991 id
1255 3926 1377 3993 factum
1401 3948 1466 3990 non

269 4028 373 4113 fuerit,
396 4031 553 4117 tantisper
568 4033 665 4096 etiam
679 4053 795 4117 parum
811 4041 868 4096 aut
882 4030 980 4095 nichil
995 4031 1087 4095 nobis
1104 4031 1145 4096 de
1159 4030 1224 4095 ulla
1239 4030 1468 4097 emendatione

269 4153 378 4197 rerum
406 4133 549 4219 polliceri
579 4136 763 4219 poterimus.
808 4136 881 4199 Hoc
911 4137 1006 4200 unico
1035 4134 1143 4219 gladio
1172 4134 1223 4199 bis
1252 4137 1285 4198 in
1318 4133 1468 4219 partibus

270 4237 426 4302 stantibus
448 4238 546 4304 rebus
567 4242 614 4304 uti
637 4238 859 4325 supradictum
882 4248 939 4323 est,
963 4241 1047 4303 intra
1070 4241 1224 4323 exiguum
1245 4247 1371 4323 tempus
1391 4238 1469 4324 plus

269 4341 498 4425 proficeremus
521 4365 619 4429 quam
642 4345 668 4407 si
690 4341 806 4407 decem
829 4344 928 4408 millia
949 4343 1164 4427 gladiatorum
1187 4351 1219 4406 et
1237 4340 1370 4405 totidem
1386 4342 1469 4407 solo·

268 4449 463 4531 petar-iorum
495 4448 750 4513 conduceremus
772 4458 805 4513 et
827 4448 939 4513 obvios
962 4470 1090 4534 quoque
1112 4458 1237 4512 nostros
1259 4446 1470 4511 adversarios

269 4551 302 4615 in
323 4553 477 4637 religione
499 4553 738 4616 mandaremus.
