3100 5025
258 314 279 378 2

839 503 869 568 2.

254 635 403 709 Aotwort
424 646 477 710 dos
500 645 693 727 Ereboeopo
714 643 801 708 Korl
817 643 865 708 ΙΙ.
890 645 955 724 auf
971 643 1024 708 dte
1045 643 1110 707 ihm
1132 645 1177 708 im
1199 643 1325 708 Numen
1348 643 1451 726 Popst

254 748 392 832 Grepors
406 748 509 813 XIII.
530 748 629 813 druch
652 749 712 813 deo
733 748 880 812 Nuntius
902 747 1066 812 Feliciono
1089 747 1294 830 Niopuordo,
1317 748 1458 830 Biscbof

254 874 315 918 oon
336 853 444 932 Stolo,
464 854 646 935 peotocltten
662 851 914 934 Vorladtonpcn:
947 849 1047 915 Dant
1068 853 1125 934 titr
1147 853 1200 916 dos
1215 852 1348 934 Popstee
1363 852 1450 917 Fur-

205 1022 211 1034 ,
255 977 350 1040 serpo.
397 955 468 1021 Dos
493 956 746 1038 Aufsiclttorecbt
772 955 828 1019 der
855 955 1050 1020 Ordinorico
1077 956 1145 1021 uod
1166 955 1316 1038 Boseln'r'fo
1340 957 1386 1022 aci
1415 959 1452 1021 in

254 1065 360 1127 scinco
382 1063 536 1128 Lotodoo
558 1063 611 1126 nie
631 1061 841 1125 oorltttmmert
863 1060 999 1126 worden.
1044 1059 1108 1125 Die
1129 1060 1171 1126 A.
1188 1059 1222 1126 Ο.
1246 1060 1325 1125 habe
1347 1082 1381 1124 cr
1403 1061 1452 1124 bei

254 1168 369 1232 aloem
392 1166 723 1249 Repicrunpsontritte
747 1165 972 1247 oorpofondon,
999 1165 1084 1229 scine
1104 1165 1256 1230 Versoclte
1277 1165 1364 1230 cino
1385 1163 1450 1229 Re-

254 1271 434 1335 stourotion
456 1270 510 1335 dos
525 1268 776 1334 Kothob'ct'smoo
799 1269 884 1332 scien
906 1269 1009 1333 bichor
1030 1269 1201 1351 oerpobliclt
1213 1288 1358 1352 powesen.
1387 1267 1451 1332 Dte

255 1374 439 1440 Concession
468 1376 504 1438 iot
526 1375 624 1453 Grau,
652 1372 850 1454 Jodonoory,
878 1372 1076 1454 Klopcofoot
1105 1373 1173 1437 aot-d
1201 1371 1345 1437 Loo'boelt
1371 1371 1451 1455 pelte

254 1499 319 1542 osor
347 1479 404 1560 fit-r
433 1479 494 1544 don
520 1478 663 1542 Horren
686 1477 755 1542 und
784 1476 987 1542 Ritterstuod
1015 1476 1083 1541 uod
1112 1477 1221 1543 descen
1242 1476 1449 1560 Aopeltdrn'pc.
1493 1514 1495 1520 ,

255 1580 349 1661 Gora,
372 1581 475 1646 Tricst
495 1581 564 1646 uod
587 1580 702 1645 Fiume
727 1581 846 1646 drohen
872 1580 962 1644 hcine
983 1579 1146 1662 Gofoltreo
1172 1581 1228 1662 fair
1253 1581 1314 1646 den
1340 1579 1450 1646 leotho-

254 1686 372 1751 liscben
394 1685 548 1750 Gwobon.
594 1685 710 1751 Grosse
735 1684 941 1767 Hoffnunpen
965 1684 1109 1766 powdbre
1136 1685 1195 1750 dus
1221 1686 1257 1749 in
1284 1684 1373 1752 Grae
1399 1705 1448 1748 er-

476 1788 605 1854 riolttete
628 1788 922 1854 Jcsuitoaseminor.
968 1791 1054 1853 1578
1076 1789 1226 1854 Sommer.

255 1964 471 2029 Summarium
497 1966 644 2050 responsi
673 1963 793 2028 domini
816 1962 923 2029 Caroli
946 1961 1130 2027 archiducis
1154 1962 1306 2027 Austriae
1334 1962 1448 2046 adea,

254 2091 337 2155 quae
364 2070 492 2134 nomine
521 2068 555 2135 S.
579 2069 621 2133 D.
646 2069 687 2134 N.
711 2091 779 2133 rev.
807 2065 953 2132 dominus
986 2069 1155 2153 episcopus
1183 2066 1344 2133 Scalensis
1374 2089 1449 2131 cum

733 2171 767 2237 S.
792 2171 875 2238 Serte
898 2173 972 2258 egit.

614 2312 672 2378 (tt-
686 2312 733 2361 ll.-
747 2327 773 2361 n.
789 2311 870 2362 St.·A.
885 2311 1008 2364 Steiorm.
1021 2310 1092 2376 XV.)

358 2450 502 2516 Primum
524 2450 592 2535 agit
606 2449 702 2516 Serlu
718 2449 750 2515 S.
767 2451 927 2515 maximas
950 2450 1069 2535 gratias
1090 2449 1147 2515 S¹¹⁰⁰
1163 2450 1206 2515 D.
1223 2449 1263 2514 N.
1280 2451 1312 2514 in
1327 2471 1450 2536 genere

253 2576 312 2641 pro
332 2576 391 2619 sua
410 2576 499 2636 cura,
522 2553 627 2619 studio
648 2577 687 2619 ae
707 2554 930 2637 sollicitudine,
952 2576 1049 2641 quam
1065 2576 1144 2639 erga
1159 2556 1342 2641 provincias
1358 2554 1450 2620 seru·

255 2656 288 2722 S.
303 2659 396 2743 gerit,
412 2680 503 2723 suam
519 2660 659 2724 vicissim
675 2659 806 2725 filialem
822 2658 1039 2725 obedientiam
1051 2668 1083 2725 et
1095 2660 1285 2745 obsequium
1297 2660 1449 2725 offerens.

358 2760 475 2842 Quoad
498 2763 640 2827 officium
663 2762 898 2829 ordinariorum
921 2774 953 2827 et
977 2766 1199 2849 episcoporum
1223 2786 1354 2829 suarum
1377 2786 1448 2849 pro·

254 2867 433 2931 vineiarum
461 2869 494 2931 in
522 2866 679 2932 catholica
705 2867 861 2953 religione
885 2877 917 2932 et
940 2867 1160 2933 ecclesiastiea
1184 2866 1352 2953 disciplina
1375 2870 1448 2932 reti-

254 2969 373 3054 nenda,
396 2972 465 3037 eius
487 2972 618 3057 quidem
637 2975 683 3037 rei
700 2974 907 3058 praecipuam
928 2994 1038 3037 euram
1055 2969 1096 3037 Su
1111 2970 1143 3036 S.
1160 2982 1196 3037 ut
1209 2974 1270 3058 ipsi
1286 2974 1449 3058 propriam

253 3076 414 3161 relinquit,
439 3099 473 3140 se
496 3098 572 3141 vero
595 3078 736 3163 ipsorum
759 3075 902 3142 studium
918 3098 1093 3163 numquam
1108 3076 1315 3163 impedivisse
1331 3077 1448 3141 minus·

254 3202 317 3265 que
350 3180 532 3267 praefectos
566 3203 640 3247 suos
673 3204 730 3246 suo
760 3183 849 3247 iussu
879 3203 918 3245 ae
948 3182 1030 3245 scitu
1060 3179 1093 3244 id
1124 3182 1229 3265 ipsum
1262 3188 1448 3261 attentasse,

254 3286 350 3349 immo
373 3306 409 3349 se
431 3287 495 3349 iam
518 3284 593 3349 inde
608 3308 628 3349 a
643 3286 801 3371 principio
817 3286 865 3349 sui
881 3285 1044 3368 regiminis
1060 3282 1138 3347 nihil
1153 3286 1255 3369 magis
1276 3292 1447 3369 exoptasse

254 3410 352 3474 quam
378 3398 414 3452 ut
441 3390 534 3473 gregi
564 3388 624 3451 sibi
653 3390 822 3453 commisso
846 3388 1035 3473 diligencius
1059 3387 1273 3473 invigilarent,
1296 3386 1447 3472 idemque

255 3513 289 3556 se
312 3493 530 3577 inposterum
553 3490 713 3556 facturum
736 3493 912 3578 profitetur.

359 3593 456 3676 Quod
478 3616 555 3659 vero
578 3594 621 3659 ad
644 3593 722 3659 illud
745 3606 844 3681 caput
865 3596 988 3681 attinet,
1012 3617 1075 3682 quo
1099 3595 1156 3661 S*
1173 3596 1204 3663 S.
1222 3595 1333 3660 scribit
1347 3593 1447 3659 multa

254 3721 313 3785 per
338 3697 462 3762 nobiles
490 3697 647 3784 quosdam
673 3700 886 3783 provinciales
914 3700 1073 3765 adversus
1100 3714 1246 3765 normam
1269 3698 1446 3765 catholicae

253 3804 416 3889 religionis
446 3803 527 3886 fieri,
561 3802 644 3869 Sera
669 3803 702 3869 S.
728 3806 921 3869 connivente
952 3814 984 3869 et
1013 3806 1227 3891 permittente,
1261 3802 1445 3889 respondet,

253 3906 478 3993 Augustanam
502 3907 743 3976 >confessionem
772 3910 805 3972 in
837 3929 896 3973 sua
919 3910 1049 3973 civitate
1074 3908 1252 3975 Graecensi
1275 3906 1446 3992 multisque

253 4010 322 4075 aliis
352 4010 430 4075 locis
460 4012 590 4077 vivente
621 4010 729 4077 adhuc
760 4011 792 4077 d.
817 4035 847 4099 q.
871 4012 924 4077 fel.
948 4034 1013 4079 rec.
1039 4016 1182 4099 genitore
1214 4034 1270 4078 suo
1294 4012 1446 4098 viguism,

253 4139 273 4180 a
307 4138 342 4179 se
374 4136 453 4180 vero
487 4115 607 4181 frustra
641 4114 697 4181 diu
730 4115 911 4183 laboratum
945 4116 1054 4202 finisse,
1088 4126 1124 4183 ut
1153 4114 1345 4182 catholicam
1376 4114 1447 4179 reli·

253 4220 381 4303 gionem
412 4221 581 4287 restituere
611 4231 729 4308 posset,
760 4244 795 4287 se
825 4244 903 4287 vero
931 4230 1004 4308 post
1025 4222 1151 4287 variam
1173 4222 1447 4285 concertationem

254 4333 401 4388 coactum
434 4323 533 4389 fuisse
567 4327 644 4411 ipsis
677 4348 769 4411 spem
802 4326 934 4391 facere·
966 4346 1000 4391 se
1035 4326 1131 4412 ipsos,
1169 4346 1228 4410 pro
1263 4346 1321 4389 sua
1355 4332 1447 4409 parte

294 4499 532 4565 'Ursprltnglieht
551 4501 617 4565 ipsis
635 4502 797 4565 permittere,
817 4515 871 4551 was
889 4501 1089 4566 ausgestrichen
1113 4500 1167 4549 und
1192 4498 1288 4549 durch:
1311 4514 1385 4564 spem
1410 4497 1447 4549 ia·

200 4639 202 4642 ,
323 4600 384 4635 cere
402 4591 500 4637 ersetzt
517 4586 616 4637 vrurde.
