3100 5025
1250 323 1293 392 23

92 509 297 573 retineantur
319 516 352 573 et
372 507 519 574 nolentes
541 519 744 595 cogerentur.
790 510 861 578 Nec
884 515 917 578 in
940 524 1104 599 posterum
1133 515 1293 583 archidux

93 615 270 699 quicquam
304 616 337 678 in
369 614 469 679 rebus
498 615 660 700 religionis
693 616 851 682 concedat
880 627 936 683 aut
966 622 1138 687 conniveat
1166 631 1223 687 aut
1256 645 1291 690 sc

92 719 295 801 intromittat,
317 719 381 782 nisi
402 740 475 784 eam
496 718 618 784 tuendo
639 729 736 807 atque
759 720 977 787 defendendo.

200 821 325 888 Verum
348 845 423 888 cum
444 823 552 888 adhuc
574 825 727 890 instarem
749 849 791 891 ne
814 827 861 890 sic
883 826 1014 913 quidem
1035 829 1203 896 archiduoi
1219 854 1291 896 con·

94 927 248 1013 chritum)
277 929 391 1013 videri,
422 939 593 1017 propterea
620 929 706 1015 quod
734 930 766 996 S.
787 931 830 996 D.
852 931 892 996 N.
916 930 1125 1000 archiducem
1152 957 1215 1000 non
1238 936 1292 1000 ab·

93 1031 208 1116 solvet,
241 1035 302 1098 nisi
326 1056 363 1098 se
385 1037 601 1120 poenitentem
624 1033 787 1118 exhibeat,
819 1035 907 1121 quod
929 1045 1016 1102 certe
1040 1049 1206 1124 praestare
1228 1063 1292 1104 non

93 1140 195 1224 possit
210 1161 309 1225 quam
329 1161 484 1204 concessa
505 1139 701 1221 revocando,
724 1129 903 1226 respondit:
927 1143 1032 1207 eciam
1053 1146 1293 1212 revocationem

94 1244 166 1308 fieri
182 1265 289 1330 posse,
313 1243 426 1308 sedeo
443 1254 553 1310 tamen
576 1244 671 1310 modo
693 1267 758 1331 quo
781 1245 867 1310 facta
890 1253 938 1310 est
961 1231 1124 1312 concessio
1148 1251 1216 1314 sive
1239 1271 1292 1336 po·

93 1350 163 1413 cius
196 1357 324 1414 extorta
353 1352 531 1436 permissio,
559 1349 681 1416 sedicet
711 1360 876 1415 oretenus:
908 1349 1006 1437 idque
1030 1351 1156 1418 duobus
1178 1353 1291 1437 modis,

92 1475 168 1536 uno,
192 1463 230 1518 ut
251 1475 339 1518 nunc
361 1453 521 1519 archidux
545 1477 605 1540 per
627 1455 830 1519 occasionem
852 1453 1104 1540 provincialibus
1130 1460 1206 1542 sum,
1236 1459 1292 1544 qui

94 1581 170 1623 eum
200 1579 347 1622 seorsum
369 1581 466 1645 saepe
489 1561 693 1641 conveniunt,
716 1569 859 1624 mentem
881 1580 974 1624 suam
998 1558 1142 1626 declaret
1164 1561 1290 1627 doceat·

94 1685 157 1750 que
181 1661 216 1728 id
240 1665 289 1727 sui
311 1665 388 1728 iuris
410 1685 474 1728 non
497 1663 606 1745 fuisse,
629 1673 666 1727 ut
688 1663 891 1746 concederet,
916 1674 947 1729 et
970 1685 1042 1730 eam
1064 1665 1106 1729 ob
1130 1687 1198 1730 rem
1219 1687 1292 1730 con·

94 1769 275 1832 cessionem
308 1770 412 1852 ipsam
446 1777 557 1832 contra
591 1769 820 1832 conscientiam
853 1789 946 1832 suam
979 1768 1021 1832 ab
1056 1771 1101 1834 eis
1137 1769 1288 1856 precibus

94 1882 259 1936 extortam
287 1873 417 1937 inanem
446 1895 486 1936 ac
515 1869 637 1936 nullam
666 1893 745 1954 esse,
778 1871 878 1936 altero
902 1873 990 1936 utin
1014 1875 1124 1959 primis
1152 1873 1289 1959 puhlicis

94 1979 232 2041 comitiis
253 1975 340 2040 idem
363 1999 471 2041 coram
494 1975 641 2041 omnibus
663 1974 793 2062 publice
814 1986 1009 2062 protestetur
1037 1985 1068 2041 et
1096 1999 1130 2042 se
1159 1987 1191 2043 et
1218 1999 1291 2043 con·

92 2083 264 2147 scientiam
286 2103 378 2146 suam
400 2103 531 2167 prorsus
551 2079 675 2146 liberet.

200 2185 284 2252 Cum
314 2207 391 2250 vero
422 2207 661 2269 concernerem,
692 2185 813 2249 nullam
840 2183 935 2249 aliam
959 2186 1019 2270 ipsi
1041 2189 1203 2272 racionem
1226 2185 1291 2272 pla·

95 2312 181 2373 cere,
214 2291 277 2376 egi,
307 2298 343 2354 ut
365 2311 442 2374 ergo
469 2288 637 2354 archiduci
658 2289 774 2356 Carolo
803 2289 985 2376 perscribat
1014 2289 1047 2355 id
1079 2289 1200 2355 consilii
1231 2293 1290 2371 sui,

96 2405 258 2481 quatenus
281 2395 384 2480 primo
407 2417 535 2480 quoque
558 2404 703 2480 tempore
726 2395 911 2458 executioni
937 2393 1118 2478 mandetur,
1147 2396 1233 2480 quod
1256 2417 1290 2460 se

94 2497 237 2564 hbenter
258 2522 299 2565 ac
324 2497 493 2585 diligenter
515 2499 676 2565 facturum
698 2499 852 2586 promisit,
876 2499 936 2563 nisi
959 2497 1045 2585 quod
1067 2501 1156 2586 prius
1184 2501 1292 2587 cupiat

95 2614 274 2689 expectare
304 2605 373 2668 eius
403 2626 593 2690 responsum
623 2603 668 2669 ad
695 2603 765 2668 illas
788 2603 906 2687 literae,
938 2624 1018 2689 quas
1041 2606 1153 2691 paucis
1176 2603 1291 2669 diebus

94 2731 193 2795 super
222 2708 285 2773 hoc
314 2712 384 2795 ipso
418 2711 545 2794 negotio
580 2708 773 2774 cancellario
808 2706 911 2772 aulico
946 2706 1068 2773 doctori
1094 2708 1291 2795 Wolfgango

95 2812 241 2879 Schranz
275 2813 319 2879 ad
350 2813 489 2879 eundem
519 2814 654 2899 dederit,
689 2822 724 2878 ut
757 2815 826 2878 eius
856 2822 1008 2900 percepto
1042 2816 1148 2879 animo
1178 2814 1291 2880 melius

96 2920 185 3002 sciat,
210 2918 254 2983 ad
276 2940 374 3005 quem
396 2941 529 3005 scopum
551 2918 614 2982 hae
637 2917 747 2983 literae
771 2916 865 3003 dirigi
888 2916 1060 2983 debeant.l

442 3058 531 3125 (Ohne
549 3057 729 3111 Unterschrift
746 3058 802 3109 und
821 3058 941 3125 Datum.)

676 3250 707 3315 5.

97 3406 227 3473 Bericht
255 3409 310 3474 des
336 3407 483 3473 Nuntius
504 3406 669 3472 Feliciooo
690 3406 888 3489 Ninpuordo
918 3405 995 3470 ather
1023 3406 1109 3470 scine
1127 3403 1290 3469 Verhuod-

96 3510 210 3594 hanam
246 3513 283 3576 in
314 3512 476 3576 Mencken
509 3511 579 3575 aad
609 3510 757 3575 Antwort
790 3510 844 3577 des
876 3508 1017 3593 Hersoya
1049 3508 1198 3573 Albrecht
1230 3528 1291 3573 oon

96 3616 221 3681 Boiam
242 3617 309 3698 auf
325 3616 384 3681 dor
397 3616 586 3699 Anhrinpea
608 3616 663 3680 des
684 3614 831 3680 Nautius
852 3616 888 3679 iu
911 3614 967 3679 der
989 3612 1090 3678 Socho
1110 3612 1290 3695 Errhersop

135 3824 216 3877 ¹Die
235 3824 359 3888 ,formula
375 3826 563 3877 revocationis‘
581 3824 686 3876 scheint
703 3824 759 3875 sich
779 3825 808 3873 iu
827 3824 914 3874 sinam
933 3822 1126 3873 Schrittstttoke
1144 3822 1231 3887 (Fuso.
1246 3821 1290 3887 lt)

161 3914 284 3965 erhalten
303 3930 337 3964 au
353 3914 451 3965 haben.
486 3913 533 3963 Ich
551 3912 636 3964 theile
658 3912 754 3963 darana
777 3927 828 3962 nur
851 3912 930 3962 einen
950 3910 1012 3963 Sata
1035 3909 1091 3969 mit,
1117 3908 1177 3959 weil
1200 3909 1240 3959 sis
1258 3909 1290 3973 ja

163 4002 231 4052 doch
249 4001 330 4053 heina
348 4000 502 4067 praktische
514 3999 704 4065 Verwendung
721 3998 858 4066 gerunden
870 3996 924 4047 hat.
949 3996 981 4047 In
994 3996 1041 4047 der
1052 3993 1213 4061 Einlsitung
1225 3995 1291 4045 wird

162 4094 263 4157 gesagt,
281 4088 342 4140 dam
360 4088 408 4139 der
418 4088 571 4154 Euhcmog
583 4086 667 4137 durch
679 4086 723 4137 die
733 4090 909 4153 ungcstdmen
922 4084 1113 4149 Forderungen
1127 4081 1175 4132 dor
1186 4081 1289 4132 Stttnde

161 4176 294 4243 gedrtngt
310 4175 418 4227 worden
436 4176 484 4238 sei,
503 4177 564 4225 eine
576 4174 758 4240 Bouilligung
776 4190 810 4223 au
828 4172 925 4239 geben,
943 4171 987 4221 die
1004 4170 1032 4220 in
1045 4169 1092 4220 der
1103 4167 1290 4219 katholischen

163 4262 238 4314 Wslt
263 4263 310 4313 das
337 4268 439 4329 groseto
463 4262 619 4328 Aergsrniss
645 4261 813 4311 verursache.
851 4258 960 4309 Wiedor
987 4271 1035 4307 aur
1061 4256 1219 4319 Besinnung
1245 4270 1289 4319 ga·

162 4350 288 4402 kommsn
306 4350 359 4418 (Ad
380 4366 409 4402 so
431 4350 587 4413 reversam),
610 4348 744 4414 smpfinds
766 4363 797 4398 er
818 4360 926 4413 possen
950 4344 1074 4395 Sohmerr
1098 4342 1224 4392 darttbsr:
1252 4358 1291 4403 ,eo

159 4428 1291 4506 propter...doelorat8.80r¹“stpahticeprofitaturseaondebutrreacc

159 4526 504 4592 manumissoribus
533 4524 724 4589 quchoms'n
753 4523 884 4587 reltys'om‘e
913 4520 1029 4569 libertate
1055 4518 1289 4581 perarmare...

163 4618 201 4667 tto
222 4614 290 4681 quod
310 4616 476 4665 moustoacr
502 4614 555 4662 rs'oc
578 4611 759 4676 poenosum
785 4608 844 4658 illoc
869 4604 1008 4665 tecoltdoe,
1036 4606 1125 4654 tronea
1152 4618 1182 4652 uc
1204 4600 1291 4651 aulae
