3100 5025
268 309 335 374 244

268 511 363 585 esset,
395 512 430 566 ut
452 502 485 567 S.
502 502 596 568 Ser¹⁸⁶
618 501 806 589 profligatas
836 505 901 568 iam
930 501 1052 567 dudum
1074 505 1106 566 iu
1130 503 1195 567 suis
1217 505 1393 588 provinciis
1417 523 1472 567 res

268 608 428 693 religionis
458 607 565 672 denuo
596 617 818 693 competenter
848 609 974 693 erigere
1005 615 1037 672 et
1066 617 1131 672 tam
1161 617 1249 671 recte
1272 610 1472 673 constituere

267 721 385 799 posset,
416 721 453 776 ut
482 714 512 776 ei
534 714 567 776 iu
589 713 734 777 futurum
757 711 799 776 de
822 733 861 776 eo
884 721 917 775 et
939 733 1017 795 erga
1039 711 1148 776 Deum
1171 712 1210 778 Ο.
1228 713 1272 776 Μ.
1298 722 1329 777 et
1351 733 1471 776 versus

268 818 300 882 S.
318 816 386 881 S*em
408 838 448 881 ac
470 816 550 881 alios
574 816 748 881 catholicos
771 813 935 902 principes
957 837 1068 880 omnes
1083 817 1256 903 tranquilla
1271 818 1472 882 conscientia

268 931 301 986 ct
330 924 436 1007 quieto
466 931 647 1007 pacatoque
678 923 784 985 animo
816 941 887 984 esse
910 921 1030 1003 liceret,
1062 941 1140 985 sane
1164 922 1212 988 S‘r
1235 921 1268 988 S.
1293 933 1472 1009 eapropter

268 1028 428 1091 sanctitati
457 1025 540 1090 illius
570 1024 649 1089 nihil
679 1047 743 1088 non
773 1023 873 1089 debet
903 1035 935 1088 et
963 1027 1076 1089 merito
1108 1025 1254 1090 omnibus
1276 1029 1364 1091 vitae
1388 1049 1471 1092 suae

268 1128 382 1192 diebus
413 1151 540 1194 omnem
571 1149 704 1215 operam
726 1128 826 1212 dabit,
855 1137 890 1194 ut
913 1126 953 1193 S‘i
978 1129 1060 1194 illius
1083 1132 1180 1194 animi
1203 1130 1252 1194 sui
1274 1140 1469 1217 perpetuam

267 1233 496 1319 gratitudinem
517 1257 578 1319 per
599 1255 727 1298 omnem
750 1236 961 1316 occasionem,
986 1233 1091 1319 quoad
1116 1235 1184 1298 eius
1199 1235 1340 1299 maxime
1356 1233 1471 1298 facere

268 1340 394 1422 poterit,
425 1338 572 1402 omnibus
602 1340 635 1402 in
665 1336 763 1402 rebus
795 1358 892 1423 quam
921 1337 1132 1423 liquidissime
1163 1336 1307 1403 declaret
1328 1359 1370 1402 ac
1394 1361 1470 1403 con-

268 1451 411 1524 testetur,
434 1441 466 1505 id
492 1441 578 1527 quod
599 1443 665 1505 iam
687 1444 720 1506 in
744 1464 781 1505 eo
805 1441 1009 1506 laudabiliter
1024 1463 1063 1506 sc
1078 1444 1131 1528 pie
1146 1443 1267 1506 factum
1283 1463 1354 1508 esse
1369 1465 1470 1508 nemo

269 1548 446 1630 negaverit,
477 1545 565 1630 quod
587 1545 620 1610 S.
637 1545 732 1611 Sere·
762 1545 804 1610 ob
834 1556 900 1610 tam
931 1554 1099 1630 paternam
1129 1569 1168 1610 ac
1197 1546 1389 1612 clementem
1414 1545 1471 1614 8²³⁸

269 1651 337 1712 eius
359 1648 609 1713 admonitionem
638 1648 801 1714 licentiam
832 1649 919 1714 illam
949 1673 1006 1715 seu
1034 1649 1254 1733 tollerantiam,
1286 1673 1370 1737 quae
1401 1653 1467 1716 iam

268 1775 288 1816 a
310 1751 417 1816 multis
439 1755 531 1817 annis
554 1755 586 1816 in
609 1753 660 1816 his
681 1755 856 1839 provinciis
880 1756 967 1818 circa
990 1753 1176 1838 religionem
1198 1755 1364 1839 ingruerat
1392 1764 1426 1820 et
1449 1779 1469 1820 a

269 1856 302 1921 S.
327 1858 373 1921 Sl*
405 1855 533 1920 volente
564 1856 691 1922 nolente
715 1857 823 1942 aliquo
846 1857 941 1922 modo
964 1857 1143 1944 approbata
1165 1859 1271 1923 fuerat
1293 1868 1365 1945 post
1388 1859 1468 1924 dicti

269 1957 370 2023 Revmi
401 1959 522 2024 domiui
551 1963 660 2024 nuncii
690 1960 868 2025 adventum
892 1981 1097 2046 compescere
1120 1985 1160 2029 ac
1182 1966 1376 2047 restringere
1401 1985 1466 2027 non

269 2063 475 2148 dubitaverit,
505 2088 525 2128 a
547 2064 621 2129 Deo
650 2063 729 2128 nihil
755 2066 859 2148 magis
883 2063 1071 2130 desiderans
1094 2088 1134 2129 ac
1156 2076 1268 2150 petens
1293 2085 1402 2151 quam
1426 2076 1466 2130 ut

267 2177 387 2233 totum
410 2170 606 2254 negotium
630 2170 667 2231 in
689 2191 772 2232 eum
796 2177 936 2233 statum
959 2171 1166 2234 restituere
1196 2171 1396 2256 potuisset,
1428 2172 1465 2233 in

268 2295 339 2358 quo
362 2282 450 2337 ante
474 2274 755 2358 quinquaginta
780 2283 816 2337 et
832 2283 980 2338 cautum
998 2295 1117 2337 anuos
1132 2273 1215 2357 fuit,
1238 2273 1467 2360 sedquoniam

268 2399 288 2440 a
302 2378 408 2441 multis
425 2387 457 2441 et
476 2379 608 2441 maximi
624 2375 756 2462 quidem
772 2379 923 2442 momenti
940 2381 1045 2442 causis
1060 2377 1306 2463 racionibusque
1323 2377 1355 2443 S.
1369 2377 1467 2442 gepa

268 2483 299 2546 in
323 2503 361 2545 eo
384 2492 492 2567 preter
514 2501 641 2546 omnem
665 2483 923 2568 expectationem
947 2481 1101 2569 impedita
1123 2503 1162 2547 ac
1185 2482 1284 2548 veluti
1314 2481 1466 2549 alacriter

268 2606 400 2649 comens
423 2588 455 2649 in
478 2585 584 2651 medio
608 2608 705 2651 cursu
726 2585 845 2673 pedem
868 2590 979 2651 sistere
1003 2596 1036 2651 et
1057 2590 1146 2674 pium
1168 2588 1266 2651 animi
1289 2589 1337 2650 sui
1353 2586 1465 2650 decre-

267 2700 336 2754 tum
366 2690 565 2776 suspendere
595 2700 708 2755 coacta
737 2691 843 2774 fuerit,
873 2690 906 2755 id
937 2691 1012 2755 licet
1032 2690 1144 2777 procul
1168 2690 1265 2755 dubio
1287 2690 1321 2757 S.
1337 2690 1400 2755 D¹²⁰
1421 2690 1463 2755 N.

268 2816 326 2879 per
349 2794 498 2881 d(ictum)
527 2794 719 2882 d(ominum)
749 2798 903 2860 nuncium
932 2798 996 2859 iam
1028 2796 1243 2881 significatum
1272 2798 1322 2877 sit,
1353 2793 1464 2858 nihilo·

268 2900 373 2962 minus
394 2910 501 2963 tamen
525 2899 586 2963 hoc
601 2898 694 2963 brevi
710 2902 828 2983 scripto
844 2902 959 2964 iterum
975 2899 1148 2964 humillime
1165 2900 1347 2985 significare
1364 2920 1469 2983 opero.

268 3004 404 3087 pretium
429 3005 498 3085 erit,
522 3014 557 3067 ut
579 3002 632 3066 vel
655 3002 712 3067 δ”·
735 3004 767 3067 S.
792 3006 1030 3068 serenissimum
1053 3003 1261 3068 archiducem
1285 3002 1463 3089 obsequen·

267 3108 423 3171 tissimum
454 3116 486 3171 et
514 3105 812 3171 obedientissimum
842 3110 910 3173 cius
940 3108 1041 3173 filium
1072 3107 1225 3194 deinceps
1256 3116 1288 3171 ct
1313 3109 1384 3192 ipsa
1407 3129 1462 3171 ex-

268 3218 414 3275 cusatum
436 3210 557 3277 habeat
579 3220 611 3275 ct
631 3210 719 3296 apud
741 3211 820 3277 alios
844 3211 1016 3277 catholicos
1038 3214 1209 3297 principes,
1238 3214 1265 3274 si
1288 3232 1369 3295 opus
1391 3212 1462 3294 erit,

268 3324 400 3398 paterne
431 3325 566 3380 excuset
597 3315 649 3380 vel
679 3319 707 3379 ei
737 3316 878 3403 benigne
909 3317 1076 3402 significet,
1107 3315 1194 3402 quod
1226 3338 1299 3379 eum
1326 3313 1463 3398 amplius

267 3419 375 3483 facere
397 3417 489 3483 velit:
512 3430 548 3483 ut
570 3422 598 3483 ei
622 3422 705 3483 sicut
727 3419 875 3486 omnibus
898 3423 994 3487 animi
1017 3423 1066 3486 sui
1088 3418 1237 3485 sensibus
1253 3418 1416 3484 desiderat
1429 3420 1462 3483 in

268 3545 305 3585 eo
329 3543 456 3607 quoque
476 3544 598 3587 rnorem
612 3544 727 3607 gerere
743 3534 775 3587 et
791 3523 976 3588 satisfacere
991 3526 1100 3609 possit,
1124 3525 1209 3587 omni
1226 3521 1323 3585 dubio
1339 3543 1461 3585 vacuus

268 3624 300 3690 S.
318 3624 384 3689 ΕΜ
408 3629 441 3689 in
464 3626 525 3690 hoc
548 3625 682 3711 proinde
706 3648 744 3691 ac
767 3630 799 3691 in
816 3627 886 3692 aliis
902 3629 1048 3692 omnibus
1065 3650 1139 3691 cum
1154 3628 1372 3712 praepotentis
1387 3626 1460 3708 Dei,

268 3730 359 3791 cuius
388 3732 421 3793 in
450 3731 544 3792 terris
565 3731 721 3794 vicarium
744 3733 829 3815 gerit
850 3730 1047 3795 voluntatem
1070 3752 1302 3816 usquequaque
1326 3750 1462 3793 conven-

266 3842 372 3895 turam
396 3842 428 3896 et
450 3856 470 3896 a
491 3832 524 3897 S.
540 3832 624 3897 sera
644 3833 722 3898 nihil
745 3856 817 3898 esse
844 3835 1085 3919 postulaturam,
1117 3832 1204 3920 quod
1226 3856 1344 3919 operae
1368 3834 1460 3897 effec-

268 3936 380 4018 tuique
403 3934 487 3999 tradi
509 3958 573 4000 non
596 3940 705 4022 possit.

372 4039 410 4103 ln
432 4042 543 4126 primis
564 4044 662 4126 igitur
685 4041 854 4107 sciendum
878 4052 936 4125 est,
961 4043 1078 4107 Serunua
1101 4042 1309 4107 archiducem
1332 4042 1375 4107 de
1390 4044 1461 4108 sub-

269 4142 406 4209 ditorum
429 4166 559 4210 suorum
582 4146 767 4211 ohedientia
791 4156 823 4211 et
838 4168 916 4231 erga
932 4168 966 4211 se
982 4148 1101 4211 affectu
1116 4157 1242 4213 tantum
1257 4147 1319 4212 sibi
1334 4168 1462 4234 semper

267 4246 441 4331 pollicitum
472 4271 554 4333 esse,
583 4260 620 4315 ut
648 4250 831 4314 nullatenus
861 4249 1057 4315 dubitaverit
1084 4250 1152 4315 illos
1176 4250 1235 4317 sibi
1258 4254 1291 4317 in
1314 4254 1461 4317 omnibus

269 4350 354 4415 dicto
377 4352 525 4438 factoque
548 4356 725 4438 morigeros
748 4354 871 4419 futuros
895 4364 926 4419 et
949 4354 1033 4419 nullo
1055 4378 1200 4441 unquam
1219 4366 1363 4441 tempore
1380 4378 1461 4421 com·

268 4458 429 4540 missuros,
452 4468 487 4521 ut
509 4456 609 4521 ullum
625 4457 656 4522 S.
671 4455 761 4522 Sertin
782 4457 959 4543 legitimum
981 4458 1170 4524 mandatum
1193 4459 1235 4525 ab
1258 4462 1304 4524 eis
1319 4461 1380 4524 rite
1400 4482 1460 4525 non

267 4572 483 4644 exequeretur
513 4560 572 4624 sed
602 4584 700 4646 quam
727 4563 761 4624 in
784 4584 822 4626 eo
845 4562 949 4626 Serre
972 4563 1004 4629 S.
1029 4584 1104 4647 spes
1134 4563 1291 4647 fefellerit,
1323 4562 1356 4627 id
1387 4564 1460 4629 inde
