3100 5025
1230 269 1294 334 253

96 452 233 518 tendum
262 461 321 536 est,
350 463 388 518 ut
417 453 503 519 dicto
531 457 694 540 grassanti
723 455 808 520 malo
838 459 945 522 omnia
967 458 1130 544 possibilia
1152 459 1296 526 remedia

96 557 316 624 adhibeantur
338 568 370 622 et
392 557 486 623 nullis
508 580 653 645 unquam
674 560 874 645 temporibus
896 585 973 627 vere
990 562 1031 626 de
1048 565 1093 626 eis
1109 563 1174 628 dici
1189 574 1297 649 posset

96 683 152 726 eos
174 683 287 728 servos
310 685 449 749 nequam
471 664 570 728 fuisse
593 674 626 729 et
647 664 775 730 talentis
797 669 862 730 suis
885 665 948 730 alia
963 667 1063 732 multa
1078 668 1295 753 superlucrari

95 768 240 851 potuisse
272 767 368 832 modo
398 768 574 833 voluissent
603 779 635 834 et
663 771 794 856 propria
823 793 883 835 sua
913 771 1052 837 evanida
1081 772 1202 856 gloriae
1231 774 1297 838 Dei

94 880 251 935 aeternae
272 894 336 936 non
359 872 596 958 praetulissent.

203 974 291 1055 Quid
320 978 418 1062 igitur
447 975 527 1041 Ser*¹
556 976 589 1042 S.
621 979 785 1062 potissime
816 977 1026 1044 faciundum?
1071 980 1106 1045 Si
1135 981 1295 1067 quispiam

93 1079 278 1144 mortalium
306 1082 474 1166 reperitur,
505 1083 560 1166 qui
590 1083 621 1145 ei
646 1082 866 1166 superioribus
889 1082 1132 1148 difficultatibus
1153 1107 1217 1149 non
1240 1085 1295 1148 ob-

2 1182 3 1223 3
93 1183 257 1248 stantibus
272 1206 328 1248 eas
347 1187 417 1249 vias
439 1207 478 1248 ac
500 1187 647 1251 raciones
671 1186 912 1262 demonstrabit,
937 1187 1054 1272 quibus
1076 1188 1295 1274 saepedictam

93 1298 240 1353 nostram
270 1288 461 1354 catholicam
490 1288 678 1376 religionem
708 1313 773 1355 non
796 1291 954 1357 salumin
977 1291 1039 1356 hac
1062 1296 1295 1358 verumetiam

93 1393 126 1456 in
157 1392 229 1457 aliis
259 1395 325 1457 suis
355 1395 529 1478 provinciis
559 1393 706 1459 omnibus
735 1397 769 1460 in
792 1397 962 1480 pristinum
986 1406 1103 1460 statum
1126 1399 1294 1463 restituere

2 1548 3 1577 3
92 1519 132 1560 ac
155 1498 372 1563 temeritatem
394 1521 514 1582 eorum,
545 1501 601 1583 qui
622 1499 684 1563 sibi
706 1499 864 1565 hactenus
885 1502 919 1564 in
942 1523 979 1564 eo
1003 1500 1132 1565 adversi
1154 1502 1293 1586 fuerunt,

2 1680 3 1683 Ἴ
92 1605 273 1689 reprimere
287 1606 414 1689 poterit,
438 1625 629 1689 quocunque
644 1603 741 1669 modo
756 1604 790 1669 id
809 1605 876 1689 fiat,
900 1605 994 1670 sere·
1010 1605 1042 1670 S.
1060 1609 1186 1672 omnine
1209 1617 1293 1672 tene·

91 1706 189 1791 bitur,
212 1707 296 1771 tales
317 1709 389 1773 vias
410 1731 450 1772 ac
472 1710 613 1772 rationes
635 1707 773 1793 ingredi,
796 1711 1003 1793 quantumvis
1025 1709 1070 1774 illi
1092 1712 1233 1775 maximo
1249 1713 1294 1775 in·

92 1810 264 1875 commode
287 1833 327 1875 ac
348 1809 451 1876 labori
474 1811 639 1893 cederent,
664 1833 738 1877 cum
760 1815 853 1876 iuxta
876 1813 1097 1898 evangelicam
1113 1813 1294 1878 doctrinam

2 1916 4 1979 l
89 1915 214 1980 bomini
243 1913 324 1980 nihil
353 1917 453 2000 prosit
482 1918 624 1979 etiamsi
639 1925 740 1980 totum
776 1915 934 1982 mundum
968 1925 1028 1980 ete.
1075 1916 1170 1997 Quod
1205 1928 1293 1982 certe

90 2018 195 2101 lieret,
226 2021 253 2083 si
276 2018 309 2084 S.
326 2019 385 2084 Sl¹⁸
407 2018 515 2083 dictae
536 2029 665 2083 nocuae
688 2019 835 2103 religioni
858 2018 1035 2085 catholicae
1062 2022 1293 2085 restitutionem

1 2154 4 2225 p
91 2145 130 2186 ac
152 2124 420 2208 propagationem
443 2125 481 2186 iis
505 2124 557 2187 vel
579 2124 642 2187 illis
664 2125 731 2187 suis
754 2123 923 2187 desideriis
945 2133 1161 2210 postponeret.

2 2288 4 2313 ,
198 2227 234 2291 Si
256 2247 335 2292 vero
357 2227 469 2292 talium
493 2226 721 2292 difficultatum
743 2250 783 2291 ac
805 2227 1109 2312 impedimentorum
1131 2229 1235 2313 gratia
1262 2238 1294 2291 et

2 2316 3 2319 ¹
93 2330 127 2396 S.
144 2332 188 2396 D.
206 2331 247 2395 N.
272 2340 305 2395 et
327 2353 438 2396 omnes
460 2330 514 2395 alii
536 2333 580 2417 pii
603 2339 635 2394 et
656 2330 770 2395 fideles
794 2333 862 2396 eius
886 2330 976 2396 Serll’
998 2332 1170 2396 consiliarii
1193 2333 1293 2396 satius

93 2445 127 2499 et
149 2434 327 2500 consultius
349 2457 421 2500 esse
444 2445 623 2520 censerent,
647 2434 805 2500 carbones
829 2437 940 2521 pocius
963 2458 1061 2522 super
1084 2438 1189 2523 capita
1211 2437 1292 2523 ipso

92 2564 167 2605 rum
189 2539 452 2631 adversariorum
474 2540 640 2626 ponendos
662 2550 695 2605 et
716 2540 830 2605 iisdem
854 2563 908 2605 ees
923 2540 1048 2606 tamdiu
1063 2541 1293 2607 demulcendos

93 2666 177 2727 esse,
201 2644 308 2710 donec
328 2644 472 2710 nonnulli
495 2646 609 2711 saltem
631 2648 659 2709 si
681 2667 745 2709 nou
768 2666 879 2709 omncs
902 2668 945 2709 ex
968 2648 1014 2710 eis
1036 2645 1079 2711 ad
1103 2668 1138 2710 se
1157 2648 1290 2728 reversi,

94 2749 176 2813 dolis
199 2748 320 2815 diaboli
343 2772 383 2814 ae
404 2751 623 2814 ministrorum
645 2752 713 2814 eius
736 2751 882 2834 cognitis,
905 2751 942 2813 iis
965 2749 1186 2815 valedicerent
1201 2749 1290 2815 etad

93 2854 127 2918 S.
159 2856 272 2917 matris
306 2852 463 2919 ecelesiae
493 2856 654 2937 gremium
684 2853 766 2917 ultro
797 2862 1047 2937 reverterentur,
1081 2854 1217 2918 fortasse
1247 2856 1294 2939 ln?

93 2958 268 3042 trascripta
289 2956 398 3022 media
419 2961 561 3022 maxime
584 2980 628 3022 ex
650 2980 685 3021 re
709 2966 817 3022 essent
831 2980 871 3021 ac
887 2966 1011 3023 tantum
1026 2960 1192 3042 augmenti
1208 2979 1292 3021 eom·

92 3062 246 3148 modique
261 3064 292 3127 ei
307 3061 473 3127 adferrent
488 3072 643 3148 quantum
658 3061 749 3125 multi
764 3064 906 3126 maxime
923 3061 1039 3147 quibus
1055 3062 1291 3127 Germanorum

93 3169 192 3231 animi
212 3168 360 3251 paenitus
384 3166 472 3231 haud
494 3169 712 3250 innotuerunt,
734 3188 797 3230 nou
822 3165 1001 3230 crederent.
1034 3166 1120 3230 Nam
1143 3164 1204 3229 hoc
1227 3168 1292 3229 iam

92 3275 170 3337 satis
201 3292 365 3356 superque
398 3270 602 3355 exploratum
636 3280 694 3352 est,
730 3270 911 3335 Germanos
941 3270 984 3335 ad
1014 3267 1151 3355 quodvis
1180 3271 1291 3353 pocius

91 3374 296 3461 placabiliter
324 3384 358 3439 et
386 3385 552 3439 mansuete
583 3396 681 3460 quam
710 3374 776 3438 ulla
806 3377 838 3437 vi
866 3384 923 3438 aut
945 3384 1031 3438 metu
1054 3373 1163 3437 induci
1186 3394 1290 3457 posse,

2 3499 3 3542 ι
91 3482 263 3566 presertim
293 3480 320 3542 si
349 3478 482 3544 videant
510 3482 636 3543 sincere
667 3500 741 3543 cum
771 3480 818 3542 eis
846 3479 899 3563 agi
921 3502 960 3542 ac
983 3478 1061 3542 nihil
1083 3476 1171 3541 aliud
1194 3498 1291 3562 quam

2 3629 3 3672 p
92 3606 205 3649 eorum
229 3582 433 3648 commodum
456 3593 489 3647 et
511 3582 761 3647 emolumentum
783 3603 862 3666 prae
885 3580 985 3646 oeulis
1008 3580 1129 3645 haberi.

2 3673 3 3706 l
196 3688 271 3753 Hoc
299 3690 346 3752 ita
375 3690 500 3752 sineere
531 3698 564 3751 et
585 3685 721 3772 simplici
745 3685 837 3750 oculo
860 3687 1103 3771 praesupposito
1126 3684 1221 3750 Seru
1244 3706 1292 3749 ar

91 3794 224 3858 chiduci
253 3790 521 3855 consultissimum
551 3794 612 3855 erit
640 3812 709 3854 rem
739 3811 867 3854 omnem
893 3791 927 3853 in
950 3810 988 3853 eo
1011 3798 1094 3854 statu
1118 3810 1181 3873 quo
1204 3810 1291 3853 nunc

91 3910 141 3963 est
162 3895 315 3983 publicae
336 3894 574 3981 tranquillitatis
598 3916 697 3958 causa
718 3896 876 3978 tantisper
897 3891 1089 3978 relinquere,
1114 3892 1217 3957 donec
1241 3914 1291 3956 ce

2 4037 4 4062 t
91 4003 181 4066 mitia
203 4000 388 4082 Austriaca,
419 4021 483 4086 que
509 4002 573 4063 iam
596 3997 639 4061 ad
662 3998 869 4062 Dominicam
891 3997 1112 4061 Reminiscere
1144 3994 1211 4081 (19.
1233 3996 1291 4059 rt-

92 4105 213 4192 bruor)
242 4105 365 4170 indicta
390 4104 531 4187 luerunt,
562 4112 770 4189 peragantur.
808 4102 894 4166 Nam
917 4124 990 4166 cum
1014 4102 1133 4165 nemini
1156 4100 1291 4166 dubium

91 4222 140 4279 ost
163 4212 353 4276 Austriaces
382 4219 416 4273 et
437 4208 535 4273 hosce
558 4208 591 4274 S.
608 4207 699 4274 sert·
722 4207 869 4271 subditos
892 4208 987 4271 unius
1008 4207 1106 4270 animi
1131 4214 1163 4269 ot
1185 4204 1291 4269 cordis

92 4338 164 4381 esse
187 4316 360 4398 omniaque
383 4336 441 4377 sua
464 4310 595 4377 consilia
609 4311 671 4376 sibi
686 4312 827 4376 invicem
843 4304 1091 4392 communicare,
1115 4307 1226 4372 sedule
1243 4317 1292 4373 est

2 4427 4 4490 i
91 4421 184 4486 nobis
214 4416 457 4497 elaborandum,
488 4439 530 4481 ne
559 4416 653 4480 simul
679 4425 712 4479 ct
728 4414 836 4495 ,semel
860 4436 933 4479 cum
956 4413 1115 4478 ambobus
1137 4412 1229 4476 nobis
1252 4414 1292 4475 sit

93 4526 268 4610 negotium,
299 4544 373 4585 eum
405 4544 443 4585 eo
467 4542 544 4585 casu
568 4520 609 4584 de
632 4521 767 4584 victoria
788 4519 884 4603 longe
907 4519 1012 4582 minus
1035 4516 1126 4580 nobis
1149 4515 1290 4600 polliceri
