3100 5025
819 577 849 643 4.

237 733 370 800 Bertcht
392 736 446 800 des
467 734 613 801 Nautius
634 735 711 800 coer
732 735 817 802 estne
833 736 1040 820 Verricttunp
1062 739 1099 802 iu
1121 737 1308 822 qusbruclc.
1346 740 1431 805 Arct-

238 844 316 903 wort
343 838 522 922 Erclcercop
549 839 754 905 Fcrdiuonde
784 842 849 923 auf
873 841 931 907 dos
947 841 1139 907 mitudttcbc
1163 843 1351 927 Aubrtupeu
1378 845 1432 910 des

239 942 385 1008 Nuntius
411 944 448 1007 tu
474 943 529 1008 der
551 943 794 1027 Auqelepcnheit
820 947 876 1010 der
903 945 1095 1010 Revocatc'ou
1117 945 1295 1030 &abacos
1318 947 1430 1014 Karta.

238 1047 324 1112 Eine
345 1047 537 1130 schrtfllictc
558 1047 748 1113 Revocottou
775 1049 878 1132 dtrfc,
902 1049 950 1115 uls
973 1051 1042 1116 dem
1061 1051 1207 1117 Auscberc
1221 1045 1283 1117 'des
1305 1052 1432 1119 Houses

239 1151 411 1234 Hababarp
437 1151 624 1236 obtrdptich
655 1153 741 1218 nicht
767 1154 914 1238 crsotpera
938 1154 1085 1220 utelmehr
1112 1157 1148 1220 iu
1171 1157 1226 1222 der
1241 1156 1349 1237 Wcisc,
1373 1158 1433 1222 scre

187 1309 190 1315 .
240 1259 291 1323 dic
306 1255 490 1323 Concessisse
503 1257 634 1339 pepeben
649 1258 771 1324 rcurdc:
795 1259 901 1324 tndem
920 1280 997 1324 mou
1016 1261 1170 1325 entwcder
1192 1261 1241 1325 bet
1256 1263 1434 1343 posaeudcr

240 1361 439 1444 Gelepeubeit
464 1362 588 1444 etuipen
615 1362 741 1427 Hersen
766 1364 835 1428 und
861 1363 1060 1430 Loadteuteu
1087 1365 1160 1430 oder
1186 1385 1240 1429 uon
1265 1365 1435 1450 Lundtaqc

241 1468 310 1531 etue
332 1466 511 1531 monuere
532 1466 719 1551 Erlddruw
741 1469 794 1534 des
817 1467 942 1533 Iutults
964 1469 1079 1552 obytbt,
1110 1470 1167 1534 der
1189 1469 1366 1553 Etatcrsop
1388 1471 1435 1535 ια’

240 1592 281 1634 ru
296 1572 412 1655 emerem
426 1570 585 1653 Vorpebeu
604 1571 691 1636 uiolet
713 1572 818 1654 befuqt
838 1593 985 1655 yewmeu.
1023 1575 1087 1637 Am
1110 1573 1212 1638 beaten
1234 1576 1278 1638 sci
1300 1594 1340 1654 es,
1364 1575 1434 1639 dem

240 1675 381 1739 Herrcn-
403 1675 472 1739 aad
493 1673 712 1740 Ritterstocdc
734 1676 786 1740 dic
807 1675 990 1742 Gonoesstou
1011 1699 1052 1742 cu
1075 1677 1188 1758 lessam
1210 1679 1262 1743 dte
1283 1679 1434 1743 Auderem

277 1779 352 1843 uber
372 1779 612 1863 uuuuclcsictcttp
634 1780 838 1846 absumsisse.
877 1783 964 1846 1578
985 1802 1040 1847 cor
1062 1782 1131 1847 dem
1154 1787 1206 1848 18.
1223 1781 1399 1850 December.

609 1905 666 1970 (H.·
681 1905 727 1955 Η,-
739 1921 765 1955 u.
780 1903 860 1956 sos.
873 1905 993 1956 Steierm.
1006 1905 1076 1971 XV.)

242 2063 445 2150 Responsum
479 2063 600 2128 domini
632 2063 816 2129 archiducis
846 2063 1045 2129 Ferdinandi
1077 2064 1118 2129 de
1151 2067 1280 2150 negotio
1314 2064 1436 2130 domini

678 2169 861 2234 archiducis
884 2167 999 2234 Caroli.

348 2325 402 2391 Ad
425 2328 589 2412 negotium
612 2325 702 2393 Sermi
720 2326 904 2392 archiducis
926 2325 1033 2393 Caroli
1057 2336 1226 2413 postquam
1252 2327 1439 2412 perlegerat

245 2433 365 2517 scripte
387 2430 495 2496 oblata
518 2442 550 2496 et
564 2431 751 2519 formulam
772 2422 987 2496 revocationis
1008 2431 1063 2496 diu
1091 2430 1360 2516 consideraverat,
1391 2434 1437 2498 ita

244 2536 423 2623 respondit:
446 2537 592 2602 Primum
614 2536 772 2622 siquidem
796 2546 953 2619 constare,
981 2536 1068 2622 quod
1091 2536 1251 2601 archidux
1274 2535 1436 2603 Carolus

243 2642 344 2707 frater
373 2665 449 2707 suus
478 2644 669 2729 gravissime
697 2644 864 2725 erraverit,
895 2640 1054 2728 siquidem
1076 2644 1108 2706 in
1131 2641 1269 2707 alienam
1297 2664 1438 2708 messem

245 2746 363 2813 falcem
390 2769 481 2812 suam
508 2749 594 2813 misit
615 2757 648 2813 et
670 2757 782 2812 contra
805 2746 961 2812 ecclesiae
985 2746 1162 2811 catholicae
1186 2746 1374 2833 dignitatem
1396 2770 1438 2812 ac

245 2855 519 2918 manutentionem
541 2852 626 2937 fecit,
657 2876 696 2918 ac
720 2876 755 2917 se
778 2854 821 2916 ita
844 2852 1017 2917 subiecerit
1038 2851 1282 2938 provincialium
1305 2874 1438 2918 suorum

245 2956 400 3022 voluntati
416 2967 448 3022 et
462 2957 603 3042 arbitrio,
624 2967 659 3022 ut
673 2956 716 3021 ad
731 2956 857 3022 illorum
872 2964 984 3021 nutum
1001 2955 1064 3042 (s)e
1081 2956 1317 3043 quodammodo
1333 2966 1436 3041 gerat

245 3061 321 3127 Sed
350 3064 639 3126 revocationem
667 3060 782 3127 talem
812 3063 849 3125 in
880 3061 1037 3147 scriptis
1073 3062 1247 3126 emittere
1281 3060 1439 3125 videtur

246 3190 328 3232 cum
360 3166 485 3231 domui
515 3166 748 3231 Austriacae
769 3168 1083 3260 ignominiosam,
1117 3175 1193 3231 tum
1227 3166 1438 3232 infructuo-

245 3296 338 3356 sam,
368 3281 446 3338 tum
477 3273 591 3337 ctiam
621 3270 825 3336 difficilem
856 3280 892 3335 ct
921 3269 1124 3355 lubricam,
1155 3271 1314 3357 siquidem
1336 3270 1439 3336 multa

246 3376 389 3464 pericula
402 3376 479 3441 inda
500 3385 532 3441 et
551 3376 673 3462 absque
696 3376 804 3441 fructu
827 3377 931 3440 creari
953 3385 1093 3461 possent.
1130 3374 1240 3456 Quare
1263 3374 1438 3440 consultius

246 3482 417 3564 existimat,
452 3491 488 3546 ut
514 3502 566 3545 res
595 3481 639 3545 ita
668 3479 868 3565 relinquatur
897 3480 1196 3565 inpraesentiarum,
1228 3477 1286 3545 sed
1316 3487 1436 3563 tamen,

246 3608 321 3649 cum
351 3583 436 3648 dicta
467 3584 631 3648 concessio
660 3582 820 3648 nobilibus
849 3591 973 3648 tantum
995 3583 1081 3648 facta
1104 3585 1153 3666 sit,
1177 3584 1232 3669 qui
1254 3586 1318 3648 iam
1341 3591 1439 3647 antea

246 3711 309 3758 sua
320 3699 434 3774 sponte
449 3685 630 3751 libertatem
645 3688 678 3751 in
692 3685 845 3772 religione
861 3688 1126 3772 usurpaverant,¹
1149 3698 1185 3751 ut
1207 3688 1306 3752 ceteri
1326 3708 1439 3751 omnes

246 3793 307 3857 suh
322 3790 477 3877 religione
493 3791 650 3856 catholica
666 3789 922 3877 quibuscumque
938 3790 1040 3857 modis
1057 3793 1328 3883 contineanturet
1342 3793 1438 3856 intar-

245 3897 368 3984 positae
384 3894 582 3961 conditiones
597 3895 641 3961 ad
656 3918 798 3981 unguem
815 3905 998 3961 serventur:
1023 3898 1067 3960 ita
1082 3905 1118 3960 ut
1132 3898 1252 3961 nemini
1275 3905 1439 3982 parcatur,

246 4004 302 4088 qui
323 4023 379 4066 aas
400 4000 577 4065 violaverit

350 4104 411 4171 Oui
441 4126 517 4169 cum
544 4126 604 4191 ego
632 4104 805 4186 obicerem,
836 4126 898 4169 non
927 4104 1074 4169 satisfieri
1097 4106 1313 4169 conscientiae
1336 4102 1439 4168 archi-

248 4208 349 4294 ducis,
373 4208 500 4294 adiecit,
524 4209 610 4296 quod
633 4209 665 4276 S.
683 4210 726 4274 D.
743 4209 784 4274 N.
808 4219 916 4296 posset
945 4207 1153 4273 archiducem
1185 4218 1309 4272 secreto
1336 4206 1440 4272 absol-

247 4336 325 4379 vere
355 4322 388 4378 et
415 4335 489 4380 cum
515 4314 577 4379 hac
604 4313 796 4398 conditione,
826 4324 862 4378 ut
883 4324 955 4400 post
978 4312 1185 4397 nobilitatem,
1210 4334 1294 4399 quae
1316 4310 1441 4398 glutine

246 4420 392 4483 tenacius
413 4420 446 4484 in
470 4441 529 4485 sua
550 4420 686 4484 cecitate
708 4416 865 4501 haerebit,
889 4418 989 4482 ceteri
1011 4438 1122 4481 omnes
1143 4418 1177 4481 in
1200 4416 1265 4482 fide
1282 4414 1442 4481 catholica

287 4593 467 4662 ¹Eruhemog
486 4593 638 4646 Fsrdinand
655 4592 792 4644 tibersieht
808 4592 867 4643 hier
886 4590 929 4641 die
942 4589 1115 4641 Pacification
1134 4607 1187 4641 von
1206 4593 1282 4641 1572.
1313 4591 1442 4641 Darnach

316 4681 390 4734 kann
407 4698 461 4733 von
478 4682 554 4733 einer
571 4681 735 4746 Usurpation
752 4676 828 4729 nicht
845 4678 889 4728 dio
907 4677 980 4728 Reda
998 4678 1065 4726 sein.
