3100 5025
243 249 286 314 10

243 444 330 507 xime
354 465 427 508 cum
450 442 483 507 id
506 466 570 508 non
593 466 652 508 sua
674 453 788 530 sponte
811 467 850 508 ac
873 444 1037 509 voluntate
1060 444 1173 508 fecerit
1195 443 1254 510 sed
1284 468 1327 510 ex
1356 447 1437 512 timi-

244 547 342 611 ditate
372 571 411 612 ac
441 548 687 633 provincialium
716 551 956 634 importunitate
986 548 1132 630 adactus,
1163 551 1217 634 qui
1247 572 1310 614 uon
1333 549 1437 616 solum

244 651 276 716 S.
294 650 383 718 Ser‘ss
398 651 545 737 religioni
567 652 627 718 sed
649 655 745 718 etiam
768 652 908 718 dominio
931 651 1131 718 insidiantur.
1177 653 1227 718 Ita
1258 655 1343 720 enim
1375 655 1437 720 sibi

244 758 421 843 principem
452 780 545 822 suum
576 757 779 843 obstringere
806 757 858 822 vel
888 760 999 844 pocius
1029 757 1178 824 subicere
1205 768 1370 844 conantur,
1401 771 1439 826 ut

243 861 285 926 ab
310 860 433 927 illorum
457 873 536 928 nutu
558 862 702 948 pendere
725 862 854 945 debeat,
878 883 939 928 nec
963 884 997 926 se
1020 861 1214 950 quandoque
1236 862 1360 949 absque
1376 863 1438 930 illis

244 964 409 1051 explicare
432 969 539 1052 possit,
563 977 598 1033 ut
619 966 714 1032 sere
728 966 769 1032 V.
786 966 898 1053 procul
919 965 1016 1031 dubio
1036 965 1135 1032 habet
1150 966 1353 1054 exploratum
1369 979 1402 1034 et
1417 992 1438 1034 a

244 1092 295 1134 me
317 1070 425 1156 paullo
447 1080 519 1156 post
539 1070 704 1158 intelliget.

347 1174 421 1240 Nou
450 1174 568 1240 desunt
597 1185 705 1240 autem
728 1184 928 1262 opportunae
949 1177 1101 1259 rationes,
1132 1175 1250 1262 quibus
1272 1178 1438 1242 revocatio

243 1279 430 1364 praedictae
461 1282 674 1346 concessionis
704 1281 828 1366 absque
851 1282 985 1367 strepitu
1007 1303 1046 1346 ae
1068 1281 1211 1367 legitime
1234 1281 1304 1346 fieri
1325 1283 1436 1367 possit,

244 1406 380 1470 quarum
402 1407 524 1470 paucas
547 1384 599 1448 hic
621 1384 814 1450 numerabo:

347 1489 492 1554 Primum
525 1491 610 1554 enim
644 1512 687 1554 ex
717 1489 771 1555 illa
801 1491 1008 1574 permissione
1039 1499 1071 1554 et
1104 1490 1308 1554 conniventia
1338 1489 1438 1555 habet

243 1594 458 1679 provinciales
474 1616 549 1658 suos
564 1617 679 1681 parum
694 1594 911 1677 oboedientes,
935 1605 971 1659 ut
986 1597 1040 1680 qui
1055 1593 1275 1660 tantummodo
1291 1604 1435 1680 pareant,

245 1720 319 1762 cum
349 1697 409 1763 illis
439 1698 581 1781 videtur3
613 1721 749 1785 quorum
780 1699 928 1785 exemplo
952 1708 984 1763 et
1006 1700 1194 1764 auctoritate
1217 1699 1313 1764 etiam
1337 1699 1438 1762 ceteri

245 1802 277 1868 S.
295 1802 384 1868 Sertis
398 1805 569 1889 imperium
593 1804 760 1889 negligrmt
781 1827 821 1869 ac
843 1805 941 1870 missa
968 1802 1121 1868 mandata
1148 1811 1379 1888 contempnunt
1405 1811 1438 1866 et

244 1909 388 1992 reiciunt,
413 1909 582 1995 privilegia
604 1911 713 1976 nescio
737 1931 821 1995 quae
843 1907 1101 1994 praetendentes.

350 2013 478 2079 Deinde
509 2037 581 2080 cum
613 2013 825 2100 provinciales
856 2015 916 2100 ipsi
945 2015 978 2077 in
1009 2013 1143 2076 comitiis
1172 2011 1437 2097 Muraepontanis

244 2121 400 2207 scriptum
426 2118 506 2184 illud
536 2119 734 2184 confecerint
761 2127 794 2182 et
822 2117 1058 2203 publicaverint
1087 2116 1187 2180 inscio
1216 2113 1311 2180 sermo
1334 2113 1437 2180 archi·

246 2224 328 2288 duee
351 2234 384 2288 ct
399 2223 431 2289 S.
449 2221 539 2290 Sertis
553 2222 654 2287 verba
678 2233 710 2289 et
731 2224 930 2288 sentenciam
953 2221 1154 2303 deterserint,
1174 2242 1238 2286 non
1261 2219 1356 2284 modo
1372 2241 1437 2284 me-

244 2339 356 2393 rentur
386 2351 426 2393 ea
455 2330 576 2414 privari
606 2329 813 2392 concessione
844 2349 942 2412 quam
972 2324 1169 2411 pretendunt
1195 2346 1310 2390 verum
1340 2325 1437 2388 etiam

246 2434 361 2519 puniri.
407 2432 449 2496 Et
471 2434 497 2496 si
520 2429 599 2518 quid
622 2429 654 2495 S.
677 2430 770 2496 Sortus
790 2430 850 2494 illis
874 2432 1018 2517 permisit
1040 2428 1093 2494 vel
1115 2431 1225 2516 pocius
1248 2429 1438 2513 importunis

244 2537 369 2603 illorum
392 2536 664 2623 postulacionibus
687 2538 839 2619 connivit,
866 2535 950 2601 hanc
970 2544 1079 2600 tamen
1102 2537 1199 2600 etiam
1222 2533 1438 2599 conditionem

245 2643 443 2727 interposuit,
474 2650 510 2705 ut
539 2644 684 2706 civitates
714 2662 789 2706 suas
820 2650 852 2705 et
874 2638 993 2725 oppida
1016 2640 1131 2723 omnia,
1161 2647 1268 2703 castra
1290 2646 1322 2702 et
1344 2636 1437 2703 villas

245 2746 289 2809 ab
311 2768 347 2809 re
369 2746 527 2810 immunes
543 2757 575 2811 et
589 2766 700 2811 omues
715 2744 888 2810 catholicos
903 2753 969 2809 tam
986 2742 1221 2809 ecclesiasticos
1237 2764 1335 2828 quam
1351 2764 1441 2807 secu·

245 2849 330 2914 lares
352 2849 393 2914 ab
409 2850 535 2915 illorum
550 2848 778 2916 vexationibus
793 2849 898 2915 salvos
922 2870 993 2913 esse
1017 2847 1161 2913 voluerit.
1187 2845 1283 2926 Quod
1307 2845 1351 2911 illi
1373 2868 1440 2913 non

247 2953 430 3039 observant,
454 2976 528 3019 cum
550 2956 583 3019 in
606 2956 751 3019 civitates
774 2962 807 3018 et
829 2951 948 3038 oppida
968 2948 1439 3037 S.Ser‘1·praedioanteshae-

245 3060 361 3123 reticos
384 3057 631 3143 introduxerint,
655 3060 797 3144 quinon
821 3055 922 3121 solum
945 3055 1005 3121 illis
1028 3064 1060 3120 et
1081 3054 1207 3120 illorum
1230 3053 1440 3119 attinentibus

247 3166 477 3229 concionantur
506 3187 545 3228 ac
576 3163 761 3250 pestiferum
792 3163 881 3225 virus
903 3158 1077 3225 infundunt
1100 3159 1158 3225 red
1182 3160 1279 3223 etiam
1303 3158 1439 3241 civibus,

246 3277 279 3333 et
311 3268 485 3333 catholicos
518 3267 703 3334 sacerdotes
737 3264 878 3353 quotidie
916 3262 1095 3347 molestent,
1136 3264 1258 3328 iniuriis
1295 3261 1441 3327 afficiant

244 3383 342 3458 atque
366 3371 408 3437 ab
431 3372 616 3438 exercendo
639 3372 745 3437 officio
767 3370 954 3435 deterreant
976 3390 1015 3432 ac
1038 3369 1071 3431 vi
1093 3366 1286 3453 prohibeant
1309 3376 1341 3431 et
1362 3387 1440 3451 pau-

246 3499 341 3562 peres
370 3499 410 3541 ac
440 3477 600 3562 simplices
622 3477 757 3540 rusticos
781 3472 953 3539 catholicos
976 3474 1091 3557 partim
1114 3469 1284 3535 blandiciis
1307 3492 1347 3535 ac
1369 3492 1441 3556 per·
1528 3556 1531 3561 ,

246 3580 448 3645 suasionibus
470 3580 513 3644 ad
536 3602 611 3645 suas
634 3589 737 3645 sectas
759 3576 925 3660 inducant,
949 3578 1065 3662 partim
1089 3577 1186 3640 etiam
1201 3576 1294 3639 minis
1311 3584 1440 3660 cogant.

351 3684 427 3750 Huc
449 3684 587 3767 accedit,
617 3682 704 3770 quod
732 3706 775 3747 ex
806 3681 921 3747 eadem
951 3704 987 3745 re
1014 3702 1133 3766 magna
1155 3701 1319 3744 rumorum
1341 3680 1442 3743 oritur

247 3791 386 3854 varietas
410 3799 443 3853 et
464 3790 649 3875 opinionum
672 3787 825 3867 confusio,
850 3808 934 3872 quae
956 3795 991 3849 ut
1012 3787 1134 3849 animos
1155 3785 1198 3847 ita
1215 3784 1312 3847 etiam
1327 3781 1441 3847 volun·

247 3904 329 3959 tates
345 3896 378 3957 in
394 3892 540 3958 diversas
555 3904 664 3979 partes
680 3890 829 3956 distrahit
845 3900 877 3955 et
892 3888 1056 3974 publicum
1072 3896 1190 3953 statum
1205 3909 1321 3972 parum
1336 3895 1441 3951 tutum

246 3995 362 4062 reddit.
408 3995 507 4060 Omne
528 3997 613 4059 caim
634 4017 767 4081 reguum
789 3995 828 4057 iu
855 4016 887 4059 ae
915 3992 1055 4056 divisum
1076 4042 1084 4055 .
1108 4042 1114 4056 .
1138 3993 1165 4055 ,²
1211 3989 1305 4071 Quae
1336 3992 1441 4055 inre·

247 4100 365 4186 ligione
387 4099 482 4187 longe
505 4100 713 4186 periculosior
731 4098 862 4165 videtur
884 4119 981 4185 quam
1003 4097 1036 4160 in
1052 4095 1150 4161 rebus
1167 4094 1324 4178 civilibus,
1349 4096 1441 4159 cuius

248 4206 294 4268 rei
324 4205 546 4291 exemplorum
576 4207 711 4290 penuria
742 4225 820 4268 sane
850 4224 914 4267 non
936 4199 1130 4265 laboramus.
1177 4198 1309 4263 Utinam
1332 4206 1441 4263 autem

248 4310 275 4372 si
303 4311 439 4395 tempori
470 4331 532 4373 non
562 4310 783 4395 prospicietur,
815 4308 911 4371 etiam
942 4306 1051 4390 peiora
1080 4302 1141 4368 illis
1172 4302 1345 4388 provinciis
1376 4324 1442 4367 non

291 4535 301 4565 ¹
318 4536 413 4587 Marto.
428 4539 469 4601 ra,
488 4537 529 4586 as.
