3100 5025
1224 343 1265 408 13

163 531 250 598 (lum
282 523 564 620 provinciales'in
594 535 730 600 comitiis
751 534 998 601 Graeliensibur
1028 557 1114 601 anno
1137 533 1179 598 72
1208 535 1262 600 ha-

72 635 137 700 bitis
150 661 171 701 a
181 637 215 704 S.
230 637 320 704 Ser*⁰
334 637 391 704 din
405 647 609 724 repugnante
625 638 757 705 undem
772 642 991 723 extorsissent,
1007 649 1042 704 ut
1058 642 1117 725 ipsi
1132 650 1264 726 possent

74 739 185 806 Grastii
214 765 258 807 ac
283 741 506 827 Clagenfurdii
539 753 571 809 et
602 746 635 807 in
666 745 802 830 propriis
832 743 962 808 arcibus
989 754 1085 829 atque
1108 744 1263 828 ecclesiis,

75 866 199 929 quarum
222 856 304 912 sunt
326 845 487 929 advocati,
510 848 751 912 concionatores
773 847 953 912 haereticos
977 847 1097 914 habere
1120 859 1153 913 et
1175 871 1265 914 exer·

76 950 172 1014 citium
203 951 419 1016 confessionis
441 951 653 1036 Augustanae
682 952 783 1016 libere
806 952 960 1038 profiteri,
991 953 1026 1018 ut
1048 954 1107 1038 ipsi
1130 953 1265 1039 glorian·

75 1062 128 1134 tur,
161 1057 228 1120 iam
264 1065 379 1140 postea
411 1054 593 1122 libertatem
624 1058 721 1121 etiam
756 1055 799 1120 ad
830 1055 908 1122 alios
939 1057 1083 1122 homines
1117 1068 1150 1123 et
1186 1057 1265 1123 alias

77 1157 219 1224 ecclesias
242 1159 466 1225 extenderunt
489 1170 521 1225 et
544 1162 577 1224 in
599 1159 670 1225 dies
692 1159 899 1226 entendunt.l

166 1263 254 1330 Item
278 1265 313 1328 in
335 1266 471 1330 comitiis
485 1264 750 1352 Muraepontanis
772 1288 857 1330 anno
881 1265 923 1329 75
946 1265 1063 1330 habitis
1079 1287 1153 1332 cum
1168 1266 1266 1336 iidem

78 1369 285 1450 provinciales
307 1392 328 1432 a
351 1368 383 1435 S.
400 1369 484 1436 Ser‘⁶
497 1370 735 1456 impetrassent,
765 1372 856 1434 utin
885 1369 1032 1434 omnibus
1061 1369 1139 1436 locis
1169 1373 1266 1436 etiam

78 1470 243 1558 catholicis,
280 1475 313 1536 in
344 1473 463 1560 quibua
493 1482 672 1539 conventus
702 1473 824 1540 babere
856 1477 1034 1560 contigerit,
1068 1474 1267 1541 haereticum

79 1595 177 1642 secum
207 1578 335 1663 possint
364 1576 487 1644 habere
519 1580 786 1662 concionatorem,
817 1578 892 1643 hinc
922 1579 1044 1644 factum
1074 1589 1132 1664 est,
1166 1591 1201 1645 ut
1233 1579 1266 1644 id

80 1701 195 1766 quoqne
218 1682 344 1746 faciant
366 1683 399 1747 in
419 1681 577 1768 despectu
597 1683 754 1748 ecclesiae
770 1683 958 1767 catholicae,
982 1683 1039 1748 ubi
1055 1682 1118 1748 duo
1133 1683 1187 1749 vel
1202 1694 1267 1748 tres

81 1787 269 1852 conveniunt
288 1795 321 1850 et
335 1785 521 1872 aliquando,
543 1787 600 1852 ubi
614 1809 698 1852 unus
711 1795 837 1852 tanum
851 1786 954 1872 adest,
973 1801 1009 1853 ut
1023 1810 1127 1874 nuper
1141 1787 1267 1852 Murae-

81 1892 157 1973 ponti
178 1889 304 1956 accidit
326 1901 397 1976 post
420 1893 559 1975 comitia,
582 1890 638 1957 ubi
662 1891 794 1978 quidam
817 1891 1024 1978 provincialis
1044 1891 1084 1956 de
1100 1892 1267 1976 Neuhaus,

82 2015 146 2059 cum
167 1995 257 2060 solus
280 1998 460 2081 mansisset,
489 1997 689 2062 haereticum
716 1999 973 2063 concionatorem
1001 2019 1111 2062 secum
1138 1999 1269 2062 retinuit

82 2107 110 2162 et
137 2101 323 2165 concionari
357 2102 456 2166 iussit.
502 2101 602 2166 Cuius
635 2101 697 2166 loci
730 2101 908 2187 parrochus
939 2123 999 2186 per
1027 2100 1149 2167 litteras
1180 2100 1268 2187 apud

83 2199 189 2266 Ser¹¹¹¹¹¹
228 2203 437 2270 archiducem
475 2215 668 2292 conquestus
706 2227 780 2270 cum
819 2214 913 2290 esset,
949 2206 981 2271 S.
1006 2205 1101 2271 Serm
1123 2205 1268 2291 praefato

82 2307 265 2389 provinciali
286 2309 475 2374 mandatum
501 2311 597 2394 misit,
627 2319 664 2374 nt
690 2308 869 2393 desisteret,
899 2307 958 2374 sed
987 2311 1047 2374 iste
1074 2307 1269 2395 parrochum

83 2410 178 2494 ipsum
202 2411 367 2478 accedens
389 2413 553 2479 stridens
575 2417 668 2500 quasi
690 2415 761 2478 ioco
783 2416 900 2500 inquit:

177 2518 231 2583 Tu
254 2539 289 2583 es
311 2527 432 2601 auctor,
458 2518 545 2605 quod
566 2519 675 2585 Serra·
688 2519 933 2584 acerbissimum
956 2516 1145 2584 mandatum
1160 2516 1269 2583 adme

84 2617 216 2687 dederit:
262 2622 307 2687 At
328 2623 437 2689 Deum
460 2632 492 2688 et
514 2646 646 2709 operam
668 2623 788 2709 perdis.
834 2624 901 2689 Nos
924 2625 1010 2689 enim
1033 2645 1075 2688 ex
1102 2622 1270 2708 privilegio

83 2723 298 2791 inhuismodi
327 2726 426 2793 rebus
455 2749 570 2814 parere
600 2727 761 2793 mandatis
792 2728 824 2794 S.
849 2728 938 2793 seru
960 2728 1098 2814 amplius
1128 2750 1192 2792 non
1225 2736 1270 2791 te-

84 2849 200 2896 nemur.

181 2936 278 3016 Quod
301 2946 410 3002 autem
432 2940 473 3002 sit
495 2937 581 3003 istud
604 2938 817 3024 privilegium,
841 2938 933 3003 aliter
956 2960 1020 3003 non
1044 2948 1179 3021 constat,
1210 2938 1270 3001 nisi

86 3038 165 3122 quod
185 3042 304 3126 passim
328 3040 446 3107 dicitur
466 3044 550 3107 inter
572 3042 768 3107 consiliarios
792 3042 824 3108 S.
842 3041 931 3108 Seru·
946 3040 1058 3128 procul
1078 3041 1178 3107 dubio
1194 3040 1270 3107 fidei

86 3155 248 3230 suspectae
271 3156 303 3211 et
324 3145 539 3231 provinciales
561 3148 648 3233 ipsos
670 3156 841 3212 tractatum
865 3158 897 3211 et
919 3155 1114 3211 conventum
1137 3168 1207 3211 esse
1237 3148 1270 3209 in

86 3249 270 3333 supradictis
292 3252 437 3334 comitiis,
459 3262 497 3315 nt
517 3250 731 3336 provinciales
752 3250 913 3317 mandatis
936 3251 968 3316 S.
985 3248 1075 3316 seru
1089 3260 1145 3315 aut
1167 3251 1270 3314 cuius·

88 3350 156 3419 dam
183 3354 305 3420 consilii
335 3354 522 3442 religionem
552 3356 821 3422 concernentibus
852 3354 1004 3421 oboedire
1033 3377 1097 3421 non
1121 3354 1270 3438 debeant,

89 3457 141 3522 sed
168 3459 370 3525 dissimulare
402 3483 442 3525 ac
472 3470 591 3526 tacere.
636 3461 814 3546 Propterea
843 3482 930 3526 nunc
964 3459 1141 3546 gloriantur
1174 3462 1270 3524 etiam

90 3562 305 3647 provinciales,
329 3586 364 3629 se
379 3565 441 3629 hoc
457 3587 541 3630 anno
558 3564 600 3627 78
616 3563 792 3629 obtinuisse
809 3566 840 3629 in
858 3566 991 3629 comitiis
1007 3564 1271 3649 Muraepontanis

90 3667 356 3733 confirmationem
379 3689 491 3733 eorum
518 3671 670 3753 omnium,
702 3671 841 3754 quaein
864 3668 1025 3755 religionis
1048 3668 1271 3755 pacificatione

89 3787 142 3851 per
159 3772 191 3836 S.
207 3771 312 3837 tler¹⁰l¹
326 3781 358 3837 et
380 3773 449 3837 eius
472 3772 666 3837 consiharios
688 3771 862 3858 aliquando
885 3774 1042 3859 promissa
1064 3772 1213 3837 fuerint.²

90 3928 285 3941 ᾕ--ι-

126 4013 201 4069 ²Dis
217 4018 428 4084 hlittheilnngen
451 4017 499 4069 dea
516 4018 634 4069 Nuntius
656 4020 722 4069 uber
744 4018 789 4069 die
807 4019 1001 4069 concessiones
1025 4018 1073 4069 auf
1093 4018 1154 4069 dem
1173 4018 1273 4069 Graner

150 4104 288 4172 Landtage
308 4108 375 4156 totu
393 4105 455 4156 sind
472 4105 534 4156 sehr
550 4105 764 4166 dankanswerth,
783 4105 854 4155 deun
871 4107 910 4156 sis
929 4108 1061 4171 ergllnncn
1079 4105 1126 4155 das
1139 4104 1272 4165 Material,

151 4190 196 4242 das
217 4194 246 4243 in
268 4192 316 4243 dar
337 4207 446 4259 grmsen
470 4192 643 4243 Pacification
665 4191 805 4243 enthelten
829 4192 870 4241 ist.
906 4192 1010 4251 Davon,
1039 4191 1098 4241 dass
1122 4192 1190 4241 Gran
1218 4190 1272 4240 und

152 4279 312 4346 Klagenturt
333 4279 375 4329 als
391 4279 436 4330 dia
454 4280 519 4330 Orte
537 4284 657 4346 genennt
673 4279 741 4339 sind,
764 4294 805 4327 wo
824 4278 871 4328 das
889 4278 1053 4329 Exercitium
1077 4278 1124 4328 der
1141 4279 1171 4329 A.
1185 4278 1213 4329 O.
1234 4294 1271 4329 er·

153 4365 226 4416 laubt
242 4368 285 4431 iat,
304 4365 371 4416 vvird
389 4366 448 4416 dort
465 4382 514 4433 gar
531 4366 606 4417 nicht
623 4365 796 4432 gesprochan.

126 4450 138 4479 ¹
153 4452 215 4503 Dies
231 4455 334 4505 atimmt
351 4453 422 4505 auch
439 4455 489 4504 ruit
505 4453 553 4503 der
564 4452 751 4503 Pacification:
770 4450 842 4512 ‚Und
861 4450 987 4504 awsiffelt
1005 4453 1055 4501 mir
1069 4452 1115 4515 nit,
1134 4452 1161 4501 Ir
1176 4451 1274 4503 wer-det

153 4541 229 4599 mich,
247 4543 300 4592 wie
318 4542 376 4591 ichs
393 4541 487 4591 hievor
505 4540 574 4591 auch
592 4542 742 4606 angezaigt,
760 4540 923 4589 vernornben
937 4540 1035 4600 haben,
1053 4538 1197 4600 namblich‚
1215 4540 1274 4589 dass

152 4627 194 4677 ich
216 4629 285 4679 alles
307 4628 363 4688 das,
387 4644 442 4679 was
463 4629 507 4678 ich
525 4627 580 4677 und
605 4628 692 4676 meins
716 4626 791 4677 rittbs
814 4627 886 4676 ainst
904 4632 1046 4691 auegesagt
1064 4666 1071 4676 .
1091 4664 1096 4675 .
1116 4664 1122 4676 .
1141 4625 1274 4689 desselbig
