3100 5025
267 263 332 328 252

266 456 300 522 S.
324 455 418 520 serr·
447 456 534 521 alind
564 477 730 541 nunquam
757 458 918 522 concessit
946 455 998 521 vel
1029 457 1181 541 promisit,
1212 458 1273 522 nisi
1295 458 1381 543 quod
1405 481 1463 524 eos

266 558 428 645 religionis
459 582 536 647 ergo
567 562 680 625 missos
710 561 821 625 faeere
850 583 890 624 ac
920 581 1025 646 neque
1055 562 1121 644 igni
1145 583 1249 646 neque
1272 561 1381 646 gladio
1404 585 1461 628 eos

267 667 417 750 persequi
444 664 551 747 vellet,
581 666 625 728 ita
655 673 763 729 tamen
794 673 829 728 ut
857 666 889 728 in
921 686 1031 728 eorum
1059 663 1184 749 oppidis
1214 688 1254 730 ac
1277 666 1461 731 civitatibus

266 767 373 855 quoad
395 767 561 853 publicum
576 767 738 852 religionis
753 769 944 832 exercitium
959 766 1038 834 nihil
1052 777 1248 834 attentarent
1262 768 1319 833 sed
1336 768 1370 835 S.
1383 767 1462 836 Ser‘i

265 895 306 936 ac
329 875 385 952 eis,
408 871 525 958 quibus
548 873 699 956 competit
714 873 783 936 eius
799 870 971 956 dispositio,
996 893 1055 956 per
1070 874 1176 936 omnia
1191 874 1313 937 intacta
1328 871 1461 938 illibata·

266 998 330 1062 qoe
352 985 565 1062 permaneret,
588 979 672 1042 sicut
693 978 790 1040 etiam
813 977 925 1060 vigore
947 975 1019 1040 talis
1041 978 1268 1042 reservationis
1290 979 1324 1041 in
1339 977 1461 1062 aliquot

267 1080 448 1146 civitatibus
479 1103 520 1144 ac
549 1079 627 1144 locis
656 1081 839 1166 praecipuis
869 1101 928 1165 per
949 1079 982 1146 S.
1000 1079 1104 1145 serra
1134 1080 1246 1166 religio
1276 1093 1387 1146 nostra
1409 1105 1459 1146 ea·

265 1184 383 1250 thelica
411 1184 511 1249 veluti
541 1209 561 1249 a
591 1184 748 1270 postlimio
778 1186 924 1250 restituta
947 1194 980 1249 et
1001 1183 1047 1249 ibi
1068 1184 1227 1250 adversae
1253 1186 1460 1271 professionis

266 1288 430 1373 publicum
463 1290 654 1353 exercitium
687 1289 815 1352 omnino
849 1287 1011 1354 sublatum
1044 1311 1083 1354 ae
1113 1287 1284 1354 inhibitum
1314 1289 1385 1374 luit,
1416 1291 1460 1354 ita

266 1401 302 1456 ut
323 1391 399 1456 hinc
422 1393 455 1458 S.
479 1389 532 1458 8²¹⁸
561 1395 615 1478 pia
644 1400 820 1477 sanctaque
843 1393 975 1457 intentio
998 1394 1074 1457 satis
1097 1391 1306 1476 probabiliter
1329 1393 1460 1459 defendi

266 1495 533 1582 comprobariquc
563 1497 671 1581 possit.
719 1494 816 1575 Quod
844 1497 872 1558 si
901 1507 1009 1560 umen
1033 1495 1140 1562 seras
1172 1495 1332 1562 archidux
1362 1519 1404 1562 ea
1424 1519 1460 1561 re

266 1598 440 1686 quodpiam
463 1609 574 1664 contra
596 1601 704 1664 Deum
727 1609 759 1664 et
786 1621 878 1664 suam
908 1601 1111 1664 sanctitatem
1140 1602 1335 1684 peccaverit,
1367 1609 1462 1686 prout

265 1724 300 1767 se
315 1703 395 1788 proh
411 1702 502 1767 dolor
516 1705 677 1789 nimioque
696 1725 850 1788 peccasse
873 1705 1012 1788 ingenue
1036 1711 1068 1767 et
1090 1712 1200 1789 aperte
1222 1703 1341 1768 latetur
1364 1714 1398 1770 et
1420 1704 1461 1769 de

266 1829 305 1872 eo
319 1830 446 1872 summa
460 1810 635 1893 penitentia
650 1830 689 1872 ac
705 1806 811 1872 cordis
827 1810 1071 1892 compunctione
1087 1807 1240 1872 afficitur:
1262 1807 1349 1872 illst·
1362 1809 1407 1873 D.
1420 1809 1459 1872 N.

264 1921 386 1997 pro'ea
407 1914 576 1977 autoritate
599 1934 664 1998 qua
685 1933 811 1977 summa
834 1914 867 1976 in
889 1914 984 1977 terris
1006 1935 1049 1976 ex
1072 1913 1135 1976 Dei
1158 1911 1360 1996 delegatione
1391 1913 1460 1978 luo·

265 2019 361 2100 gitur,
383 2015 462 2082 Ser‘i
479 2016 511 2080 S.
536 2038 579 2080 ex
601 2017 720 2080 intimis
742 2015 940 2100 praecordiis
963 2015 997 2080 id
1020 2017 1140 2101 petenti
1163 2015 1303 2099 benigne
1326 2037 1460 2080 venum·

266 2119 344 2185 dare
367 2143 426 2185 sua
447 2129 584 2205 paterna
605 2118 805 2184 absolutione
828 2119 933 2184 geram
957 2121 1025 2184 eius
1049 2121 1101 2204 pie
1124 2119 1280 2184 consolari
1303 2128 1335 2184 et
1365 2117 1460 2186 simul

266 2226 295 2288 ei
325 2224 522 2288 voluntatem
553 2245 593 2288 ac
615 2233 755 2287 mentem
779 2244 888 2287 eorum
911 2245 996 2308 quae
1019 2223 1052 2289 S.
1069 2223 1127 2289 8²⁸⁸
1150 2223 1255 2289 Ser⁶⁰¹²
1278 2224 1346 2288 eius
1372 2222 1459 2288 dein·

265 2349 342 2412 ceps
371 2328 481 2392 lacere
512 2337 658 2412 oportere
688 2326 927 2392 authomaverit
956 2349 1016 2412 per
1042 2329 1179 2414 primam
1201 2326 1461 2392 commoditatem

264 2429 476 2517 prescribere,
506 2433 540 2495 in
570 2454 607 2495 eo
634 2440 742 2495 tamen
766 2433 872 2496 omnia
895 2432 1040 2517 praefata
1063 2430 1231 2515 diligenter
1254 2440 1285 2494 et
1307 2439 1460 2496 accurate

264 2534 465 2621 perpendere
489 2535 682 2621 dignabitur.
705 2536 791 2601 Nam
814 2538 839 2600 si
863 2536 895 2601 S.
913 2535 991 2601 Ser*i
1015 2536 1077 2600 hoc
1099 2535 1152 2601 vel
1173 2534 1253 2599 illud
1273 2535 1460 2600 faciendum

264 2641 443 2723 imponeret
472 2649 504 2703 et
532 2662 592 2705 sua
614 2640 709 2705 Serm
738 2639 853 2705 media·
876 2662 915 2705 ea
944 2662 983 2703 ac
1006 2642 1156 2724 rationes,
1189 2638 1305 2725 quibos
1328 2639 1362 2703 id
1387 2662 1461 2704 exo·

266 2745 390 2807 cocioni
412 2743 560 2809 mandari
582 2745 726 2827 deberet,
748 2747 782 2809 in
804 2755 953 2829 promptu
975 2766 1039 2809 non
1062 2744 1206 2827 haberet,
1230 2743 1297 2809 Sua
1312 2743 1410 2809 gerres
1431 2754 1462 2809 et

265 2869 376 2913 omnes
406 2852 449 2934 pii
472 2849 585 2934 procul
608 2849 706 2914 dubio
729 2852 856 2935 ipsimet
879 2849 1064 2915 iudicarent
1087 2848 1261 2913 consultius
1283 2871 1323 2913 ac
1347 2848 1462 2913 melius

264 2952 333 3018 fore
355 2976 424 3018 rem
447 2976 574 3018 omnem
596 2956 628 3017 in
651 2955 783 3039 pristino
806 2963 892 3019 statu
907 2953 950 3018 ad
965 2954 1148 3019 ulteriorem
1165 2954 1228 3017 Dei
1243 2953 1461 3017 misericordis

265 3056 503 3143 dispositionem
533 3058 714 3144 relinquere
744 3068 777 3123 et
805 3057 927 3144 aliquot
956 3056 1070 3122 domus
1101 3060 1204 3142 potius
1235 3079 1333 3142 quarn
1361 3067 1461 3123 totam

264 3164 427 3227 civitatem
441 3164 506 3228 Dei
527 3162 678 3247 flagranti
700 3162 850 3227 incendio
875 3161 1127 3225 consumendam
1151 3160 1332 3225 concedere
1355 3184 1395 3225 ac
1420 3162 1460 3226 de

263 3266 386 3351 reliquo
409 3266 557 3331 omnibus
578 3268 677 3331 animi
699 3265 847 3331 sensibus
870 3267 903 3329 in
927 3288 999 3330 eam
1023 3268 1248 3351 cogitationem
1269 3264 1461 3331 incumbere

264 3380 299 3433 ut
322 3380 489 3455 correptae
512 3372 577 3434 iam
599 3369 642 3434 ab
664 3369 815 3434 incendio
838 3370 957 3434 domus·
976 3391 1134 3455 aquarum
1155 3368 1460 3454 potius-suffusione

264 3496 307 3536 ex
336 3475 431 3538 unius
461 3484 517 3537 aut
546 3472 676 3537 alterius
698 3475 828 3558 parietis
852 3475 1066 3558 protractione
1089 3496 1109 3537 a
1131 3471 1185 3537 tali
1208 3470 1459 3556 conflagratione

264 3586 495 3661 preservantur
515 3584 549 3639 et
570 3586 682 3660 postea
704 3579 820 3641 iterum
842 3579 875 3641 in
898 3586 1016 3641 statum
1038 3578 1206 3662 pristinum
1229 3586 1459 3655 restaurentur,

264 3702 361 3764 quarn
383 3680 539 3764 pertinaci
560 3679 780 3764 indignatione
802 3702 842 3743 ac
865 3678 905 3743 de
928 3678 989 3744 illis
1012 3678 1098 3745 nullo
1114 3678 1299 3743 adhibendo
1315 3679 1459 3745 remedio

263 3786 359 3848 animi
382 3782 574 3847 induccione
597 3786 749 3849 extremis
772 3782 909 3848 flammis
932 3806 972 3848 ae
995 3782 1155 3848 cineribus
1178 3782 1379 3849 deserantur.

369 3885 463 3966 Quae
491 3896 600 3951 tamen
629 3890 735 3952 omnia
764 3910 829 3952 non
861 3898 954 3953 erunt
976 3910 1013 3952 eo
1037 3886 1228 3973 accipienda
1251 3896 1284 3951 st
1306 3888 1460 3971 interpre·

264 3988 373 4072 tanda,
398 3992 489 4075 quasi
504 3991 536 4055 S.
550 3991 644 4056 Ser‘¹⁸
659 3994 691 4055 in
706 3990 868 4056 medendo
884 3992 1043 4075 grassanti
1058 3991 1142 4055 malo
1158 3989 1281 4055 nullum
1303 3988 1458 4073 laborem,

264 4091 384 4157 nullam
414 4116 525 4159 curam
555 4095 864 4182 sollicitudinemque
895 4095 1032 4181 amplius
1062 4096 1226 4179 suscipere
1249 4093 1307 4158 sed
1331 4096 1460 4159 omnino

264 4199 400 4280 tempori
432 4197 613 4285 relinquere
647 4221 686 4263 ac
720 4201 786 4263 Dei
818 4201 1042 4284 omnipotentis
1076 4197 1334 4263 emendationem
1366 4200 1460 4263 iuxta

265 4300 450 4366 Gamalielis
473 4304 639 4369 consilium
663 4312 838 4389 expectare
863 4302 1006 4368 deberet.
1040 4302 1124 4367 Nam
1148 4302 1181 4366 id
1204 4300 1309 4367 nullus
1331 4304 1404 4386 pius
1419 4326 1459 4366 ac

264 4403 297 4469 S.
314 4402 403 4469 Sertis
424 4407 527 4474 fidelis
551 4407 717 4473 consulere
740 4407 783 4471 illi
806 4406 897 4471 salva
921 4409 1118 4472 conscientia
1140 4416 1248 4493 posset
1270 4405 1329 4469 sed
1352 4408 1458 4491 potius

264 4507 296 4573 S.
313 4507 393 4575 Serti
415 4533 455 4574 ae
477 4514 545 4576 eius
567 4511 716 4577 omnibus
739 4510 889 4576 fidelibus
912 4532 1115 4596 summopere
1139 4510 1323 4575 conandum
1337 4532 1379 4573 ae
1394 4513 1458 4575 eni·
