3100 5025
639 473 710 538 115.

87 631 183 696 Breve
197 631 333 714 Grepors
343 630 448 696 XIII.
461 651 505 694 aa
520 630 697 713 Eraberaop
712 629 916 695 Ferdiooad:
940 630 1017 697 Gibt
1031 633 1134 696 seiam
1145 632 1271 698 Frende

87 736 216 800 doriiber
236 735 415 816 Auadrcolr,
439 735 513 800 does
527 733 704 818 Errbmaop
719 735 807 799 Karl
822 737 989 818 jiiapsteas
1010 737 1066 819 fiir
1089 737 1139 800 die
1160 737 1268 802 leotho-

86 839 172 904 lisobe
200 840 348 923 Relipioo
379 838 522 921 wicbtipe
548 839 793 922 Verordncnpen
826 838 972 919 erlossea,
1007 839 1093 905 sealt
1125 841 1176 906 die
1208 862 1267 906 ooo

86 944 218 1009 Katrern
241 944 418 1010 drobendeo
434 943 595 1026 Gefolrren
614 944 683 1025 aas,
705 943 817 1007 molant
832 942 1032 1023 Ferdincad,
1056 944 1125 1008 dem
1140 943 1271 1010 Bruder

85 1049 284 1129 beeameben,
306 1048 375 1113 aad
395 1048 483 1129 boffl,
506 1047 563 1112 der
585 1047 705 1112 Kaisar
726 1047 795 1112 cod
816 1047 878 1112 alle
899 1047 1108 1114 lotboliscben
1131 1048 1270 1114 Fitrsten

85 1153 314 1219 Deutscblaods
343 1152 468 1217 werden
498 1151 563 1216 itm
592 1151 743 1233 ebenfolls
769 1153 806 1216 io
833 1153 938 1217 seim
960 1152 1085 1217 thbeo
1107 1153 1268 1218 beistebea.

360 1257 452 1338 Bon,
476 1256 524 1322 St.
540 1257 643 1336 Peter,
666 1259 751 1322 1581
775 1256 922 1321 Febrem
937 1261 988 1322 18.

13 1414 14 1453 l
83 1398 229 1465 (seam-A.
243 1398 399 1449 lunsbruck.
427 1397 539 1464 Beilage
557 1413 617 1447 snm
635 1369 781 1448 &breibeu
799 1397 951 1465 Eraharaog
969 1398 1048 1449 Karls
1065 1414 1101 1450 an
1118 1399 1271 1450 Fordinand

13 1486 14 1501 ¹
359 1502 418 1536 vom
438 1485 521 1536 Jahre
542 1487 606 1534 1581
626 1485 700 1535 Mira
721 1486 760 1534 16.
798 1485 859 1536 wie
878 1485 923 1536 Nr.
941 1485 995 1552 lb.)

183 1626 368 1710 Gregorius
393 1647 480 1711 papa
501 1624 596 1688 XIII.
631 1623 760 1688 Dilecta
790 1623 835 1688 fili
864 1621 978 1689 nobilis
1008 1627 1059 1688 vir
1081 1624 1216 1690 salutem
1239 1633 1272 1689 et

83 1730 290 1816 apostolicam
305 1729 572 1795 benedictionem.
603 1727 734 1808 Quanta
749 1749 823 1792 cum
839 1727 935 1792 laude
951 1739 1017 1793 tum
1033 1750 1161 1813 semper
1176 1741 1271 1793 antea

83 1847 147 1898 mm
169 1837 319 1922 proxime
342 1836 374 1898 in
398 1836 558 1899 communi
581 1842 742 1896 conventu
766 1841 912 1896 versatus
927 1833 1023 1897 fuerit
1039 1832 1174 1898 dilectus
1188 1834 1271 1897 filius

85 1937 262 2004 Carolus
283 1937 444 2004 archidux
466 1937 617 2003 Austriae
639 1937 739 2003 frater
761 1948 845 2022 tuus,
869 1938 946 2024 quid
969 1961 1028 2024 pro
1050 1938 1207 2005 catholica
1222 1963 1271 2004 re-

13 2056 14 2107 ]
83 2041 196 2129 ligione
229 2043 421 2128 decreverit,
450 2065 513 2108 non
545 2041 728 2108 dubitamus
759 2054 792 2108 et
813 2053 1018 2130 perspectum
1042 2043 1162 2109 habere
1185 2056 1217 2109 te
1240 2054 1272 2108 et

13 2184 14 2226 t
84 2169 286 2235 summopere
314 2148 437 2231 laetari,
467 2158 536 2212 tum
563 2159 695 2234 propter
723 2159 913 2234 perpetuam
940 2159 1068 2213 vestrae
1092 2148 1205 2213 domus
1228 2150 1272 2212 in-

84 2253 186 2339 clytae
209 2252 342 2317 laudem
364 2253 397 2316 in
419 2253 481 2317 hac
503 2256 575 2339 ipsa
595 2251 750 2337 religione
772 2251 904 2336 tuenda,
926 2263 995 2317 tum
1010 2252 1096 2338 quod
1112 2263 1210 2338 caput
1225 2262 1273 2317 est

86 2368 213 2443 propter
230 2357 293 2422 Dei
309 2357 451 2443 gloriam.
491 2356 622 2436 Quanta
643 2367 751 2422 autem
774 2380 848 2422 cum
871 2357 1006 2442 perfidia
1029 2358 1182 2422 haeretici
1205 2360 1272 2423 eius

13 2508 14 2552 3
87 2460 207 2529 decreti
235 2484 334 2527 causa
356 2461 399 2527 ab
423 2484 460 2526 eo
483 2463 546 2527 sint
567 2460 738 2527 abalienati
761 2471 975 2549 recusentque
998 2464 1027 2529 ei
1050 2463 1272 2550 obtemperare

13 2591 14 2594 ’
85 2570 272 2653 etantiqua
292 2568 413 2633 tributa
435 2567 619 2653 persolvere
641 2569 806 2653 accepisse
828 2577 860 2632 te
884 2578 916 2631 ct
934 2567 1095 2653 indignari
1109 2592 1149 2633 ac
1165 2568 1273 2633 dolere

13 2661 14 2670 ¹
87 2681 150 2736 tum
172 2671 284 2735 fratris
306 2680 373 2736 tum
389 2671 453 2736 Dei
475 2673 575 2757 ipsius
598 2693 706 2754 causa,
730 2680 853 2737 certum
876 2671 1042 2737 habemus.
1079 2670 1165 2753 Quid
1189 2674 1274 2737 enim

85 2774 249 2862 indignius
271 2785 329 2859 est,
352 2798 449 2862 quam
471 2775 578 2840 hostes
601 2774 728 2859 Christi,
751 2778 805 2861 qui
830 2779 944 2841 summi
968 2774 1117 2841 beneficii
1132 2776 1201 2841 loco
1218 2776 1274 2841 du·

87 2900 156 2945 cere
180 2879 350 2963 deberent,
373 2900 464 2944 suam
486 2882 731 2965 perversitatem
754 2903 774 2945 a
797 2880 960 2945 catholicis
983 2881 1181 2968 principibus
1208 2884 1273 2947 suis

86 2985 116 3047 in
130 2983 210 3050 locis
226 2985 374 3070 perferri,
397 2995 505 3049 tamen
520 2983 642 3049 audere
657 2984 847 3049 seditionem
862 2986 971 3050 facere
987 3007 1108 3071 suoque
1125 2986 1273 3072 exemplo

87 3098 231 3155 caeteros
256 3090 305 3153 sui
326 3088 444 3153 similes
466 3110 669 3154 commovere
692 3098 725 3153 et
747 3092 866 3173 conari,
890 3100 925 3154 ut
947 3100 1002 3153 aut
1023 3090 1211 3155 catholicam
1226 3114 1273 3154 re-

85 3190 237 3277 ligionem
260 3194 412 3258 universa
428 3192 605 3260 Germania
627 3193 757 3279 ejiciant
778 3202 833 3257 aut
855 3194 920 3257 suis
935 3194 1132 3280 principibus
1147 3194 1274 3260 frenum

85 3297 231 3384 injiciant
253 3318 373 3382 eoaque
395 3296 555 3380 deserant,
578 3296 726 3382 prodant,
750 3298 825 3382 quia
847 3296 980 3362 videant
999 3300 1098 3383 ipsius
1114 3298 1273 3384 religionis

86 3423 135 3465 res
156 3402 221 3468 illis
245 3423 343 3467 curae
365 3402 459 3467 esse?
482 3401 517 3467 Si
538 3402 622 3467 haec
643 3404 687 3467 ita
709 3402 895 3487 tolerantur,
918 3413 1026 3468 actum
1047 3414 1095 3467 est
1110 3402 1150 3467 de
1166 3412 1274 3468 vestra

86 3509 229 3571 omnium
256 3505 358 3570 salute
386 3505 490 3592 deque
518 3504 715 3571 orthodoxae
738 3506 814 3570 fidei
838 3506 925 3571 cultu
947 3510 980 3573 in
1003 3507 1178 3573 Germania
1200 3508 1274 3573 olim

13 3637 14 3642 ¹
86 3609 159 3675 huic
189 3612 254 3697 ipsi
281 3609 359 3675 fidei
380 3609 608 3694 addictissima,
632 3621 745 3697 postea
767 3620 900 3676 satanae
922 3614 1138 3678 ministrorum
1159 3613 1274 3678 fraude

85 3712 240 3799 abducta,
262 3737 349 3779 nunc
368 3724 476 3779 autem
499 3713 675 3779 eorundem
696 3713 889 3781 factionibus
911 3738 1064 3802 oppressa
1088 3728 1119 3782 et
1140 3740 1181 3782 ne
1204 3740 1275 3781 sese

85 3822 185 3903 possit
217 3821 344 3904 erigere
373 3821 662 3905 suavissimamque
690 3822 834 3884 veritatis
867 3818 973 3885 lucem
1002 3824 1148 3907 aspicere
1178 3831 1274 3908 atque

85 3924 126 3989 ad
158 3923 351 3991 catholicam
382 3923 553 3989 ecclesiam
580 3934 715 3989 matrem
738 3946 829 3989 suam
851 3924 957 3990 redire
979 3926 1153 4011 prohibita3
1184 3926 1275 3991 vides

86 4051 147 4115 quo
177 4039 328 4115 spectent
358 4028 644 4115 perditissimorum
666 4028 831 4094 hominum
853 4029 993 4113 consilia,
1017 4041 1172 4116 quantum
1194 4033 1274 4116 peri·

86 4134 195 4199 culum
227 4132 398 4204 catholicis,
420 4132 619 4219 principibus
647 4135 820 4217 immineat,
853 4144 1008 4220 quantum
1031 4134 1205 4200 catholicae
1228 4158 1275 4200 re-

13 4295 14 4322 p
85 4236 194 4323 ligioni
218 4239 352 4302 exitium
375 4248 586 4323 comparetur.
628 4237 827 4323 Frangenda
849 4248 898 4303 est
918 4237 1116 4325 perfidorum
1138 4239 1275 4304 audacia

13 4345 14 4348 ’
87 4364 194 4428 neque
229 4341 503 4426 committendum,
541 4352 578 4408 ut
609 4340 759 4407 videatur
797 4343 910 4407 deesse
948 4346 1073 4409 animus
1112 4344 1274 4409 catholicis

86 4446 286 4532 principibus
307 4445 350 4511 ad
372 4468 465 4511 snam
487 4445 675 4532 dignitatem
697 4457 794 4532 atque
817 4447 860 4512 ad
884 4448 1073 4513 catholicam
1088 4448 1274 4533 religionem

86 4550 253 4616 tuendam.
286 4550 326 4615 Id
356 4551 422 4634 fiet,
453 4552 480 4615 si
509 4550 657 4617 nobilitas
686 4560 742 4616 tua
771 4551 973 4638 praeclaram
995 4553 1058 4617 Dei
1080 4552 1200 4637 gloriae
1230 4556 1274 4616 in·
