3100 5025
237 282 260 352 4

340 479 491 564 Denique
514 475 601 563 quod
624 479 792 542 comitatus
816 475 1013 542 Goriciensis
1035 499 1074 540 oc
1095 475 1263 562 speciatim
1284 477 1430 540 civitates

234 583 426 669 Tergestina
452 604 492 646 ac
515 582 731 646 Fluminensis
761 583 792 645 in
824 579 966 666 periculo
989 580 1131 645 haeresis
1154 581 1278 646 versari
1302 578 1431 663 dicimr,

235 689 350 752 asserit
367 686 462 752 Serm
481 686 513 753 S.
530 709 599 752 rem
609 738 612 742 .
622 709 658 751 se
680 686 775 772 longe
792 685 883 750 aliter
899 685 1020 750 habere
1036 695 1068 750 et
1084 683 1250 771 praedicto
1267 684 1431 748 comitatui

236 814 301 856 non
331 790 426 856 modo
458 790 578 856 nullam
615 793 855 856 innovationem
892 789 1053 874 religionis
1089 788 1246 854 indultam
1281 787 1338 852 sed
1371 811 1433 853 uec

236 894 413 982 quidquam
445 895 508 960 tale
540 895 697 962 hactenus
726 903 917 960 attentatum
948 895 1056 977 fuisse,
1088 895 1165 979 quin
1195 895 1302 976 immo,
1333 902 1367 957 ut
1398 895 1431 956 in

236 999 396 1065 catholica
423 999 576 1086 religione
607 999 832 1066 inviolabiliter
854 1009 1095 1081 conserventur,
1126 997 1251 1064 asem
1269 995 1302 1062 S.
1326 1018 1432 1083 nuper

237 1125 393 1190 expresse
416 1107 550 1191 petitum
572 1105 641 1170 fuit.

342 1245 381 1307 Iu
403 1244 514 1308 dorso:
535 1245 588 1309 De
611 1265 765 1330 responso
789 1243 827 1306 R.
845 1242 876 1307 d.
894 1264 943 1328 ep.
961 1240 1105 1307 Scalensi
1128 1265 1146 1305 a
1171 1241 1265 1305 Ser'¹¹⁰
1281 1240 1312 1305 d.
1329 1239 1431 1305 archi·
1462 1206 1465 1213 Ι

237 1348 320 1413 duce
344 1347 494 1412 Austriae
518 1347 633 1414 Carolo
656 1356 870 1434 praesentato.

820 1593 850 1656 3.

237 1749 305 1815 Iler
321 1751 500 1832 pdpatliehe
521 1750 665 1815 Nsmtiua
686 1749 853 1813 Feliciores
875 1748 1073 1831 Niupuurdu
1100 1768 1144 1812 aa
1171 1747 1230 1813 deo
1253 1747 1433 1831 Eraherrop

238 1854 442 1920 Fordiumad:
471 1854 603 1919 Bericht
623 1855 699 1919 uber
720 1854 772 1918 die
788 1852 934 1918 Bruclcr
948 1851 1169 1918 Ommessioueu
1193 1873 1237 1916 aa
1260 1854 1311 1917 die
1325 1853 1431 1935 Anys-

238 1959 422 2042 hurpisehea
444 1958 845 2040 Confessionsoerwandtea
868 1959 903 2020 in
927 1957 1201 2022 [armosterreieh.
1245 1955 1354 2020 [aaut
1376 1957 1433 2020 der

238 2061 461 2129 Concessioneu
475 2063 543 2127 uad
558 2065 653 2127 deren
661 2061 933 2142 Verwerflichlrcil.
956 2061 1135 2143 Eraherzop
1146 2059 1233 2125 Kurl
1249 2062 1292 2124 im
1303 2059 1431 2126 Boane.

238 2169 421 2251 Aualepuup
443 2169 499 2232 der
522 2168 754 2233 Oooceasioaon.
787 2165 970 2231 Kirchliche
992 2165 1155 2231 Zustr'iude
1179 2167 1212 2229 in
1235 2165 1432 2232 Iarrerdater-

237 2273 331 2338 reieh.
377 2271 650 2353 Nothweadiplceit
676 2273 762 2335 einer
785 2270 1006 2352 Reformatiou
1032 2261 1069 2335 ut
1090 2269 1310 2336 hulholiachem
1331 2270 1435 2335 Sinas

679 2377 784 2458 (Grae
806 2379 892 2439 1578
909 2427 916 2439 .
935 2427 941 2440 .
961 2377 993 2460 .).

635 2516 701 2582 (H.·,
713 2518 759 2567 ΙΙ·
772 2534 798 2568 ιι.
812 2518 893 2568 8Ι.·Α.
906 2516 1040 2581 Stsierm.)

240 2689 295 2755 Ad
322 2689 442 2755 Sermm
466 2693 644 2777 principem
671 2689 838 2755 dominum
866 2689 1109 2755 Fordinandum
1137 2688 1346 2755 archiducem
1369 2689 1435 2753 Au·

747 2796 844 2859 striae
868 2804 928 2859 etc.

345 2951 427 3017 Com
456 2950 489 3017 S.
513 2951 554 3015 D.
579 2952 619 3017 N.
649 2951 796 3017 dominus
826 2950 1004 3037 Gregorius
1026 2952 1062 3015 P.
1080 2951 1124 3015 M.
1143 2952 1272 3016 Revmum
1290 2949 1435 3015 Purtilia·

241 3078 312 3119 rum
338 3054 413 3140 (sir)
446 3058 596 3121 comitem
627 3056 658 3120 b.
682 3080 724 3121 m.
752 3054 841 3141 apud
868 3054 900 3121 S.
923 3054 1015 3119 Caes.
1033 3056 1113 3120 Mum
1131 3057 1237 3120 Rev¹¹¹⁰
1253 3054 1434 3141 Delphino¹

240 3162 357 3224 nuncio
380 3160 554 3245 apostolico
577 3161 765 3242 suffecisset,
790 3161 889 3244 ipsius
912 3157 982 3223 loco
1005 3183 1056 3226 me
1072 3161 1114 3225 ad
1131 3161 1234 3227 serem
1251 3160 1302 3239 V.,
1326 3158 1434 3225 Ser¹¹¹⁰⁸

241 3262 450 3330 archiducem
482 3264 633 3329 Carolum
667 3274 699 3328 et
727 3262 900 3327 Albertum
935 3263 1051 3329 ducem
1082 3265 1241 3329 Bavariae
1275 3286 1336 3329 nec
1371 3286 1435 3329 non

242 3371 372 3434 Revmum
393 3381 425 3433 et
444 3369 540 3433 Ill'mun
562 3368 724 3432 dominum
752 3367 1029 3453 archiepiscopum
1053 3367 1333 3452 salisburgensem
1357 3391 1436 3433 nun-

241 3477 327 3537 cium
348 3473 529 3556 destinavit,
552 3471 594 3535 ad
619 3470 721 3535 Ser‘0¹n
738 3470 790 3553 V„
814 3480 849 3536 ut
872 3474 970 3537 etiam'
990 3470 1033 3535 ad
1055 3471 1238 3557 praedictos
1260 3473 1434 3557 principes,

243 3575 334 3640 dedit
368 3576 444 3640 mihi
479 3577 588 3641 literas
619 3598 658 3639 ao
687 3574 842 3639 mandata
873 3586 1021 3639 oretenus
1053 3574 1247 3660 exponenda
1278 3584 1309 3639 et
1340 3576 1437 3640 nonli-

243 3679 368 3762 cienda‚
393 3702 476 3765 quae
500 3680 619 3765 duplici
642 3680 748 3764 capite
772 3678 1099 3764 comprehenduntur.

349 3800 518 3882 Quaedam
542 3802 627 3864 enim
649 3798 693 3864 ad
716 3800 806 3865 Ser²¹⁸
822 3800 861 3863 V.
878 3802 1042 3886 proprium
1066 3798 1242 3865 dominium
1265 3803 1437 3887 pertinent,

243 3907 306 3971 alia
336 3906 378 3971 ad
410 3904 500 3971 seru
523 3903 737 3989 (arohilducis
760 3903 866 3969 Caroli
891 3903 1043 3969 ditionem
1066 3914 1222 3991 spectant.
1271 3903 1366 3985 Quod
1391 3926 1436 3968 so-

244 4010 386 4075 cundum
406 4020 504 4096 caput
527 4011 702 4094 concernit,
726 4010 773 4073 rei
795 4010 890 4074 totius
913 4031 1037 4073 summa
1059 4008 1142 4074 haee
1166 4018 1228 4073 est:

286 4289 296 4321 ¹
313 4292 450 4343 „lohannes
463 4291 614 4357 Delphinus
628 4290 772 4358 (Delficus)
792 4290 945 4343 bekleidets
963 4306 1015 4341 ron
1036 4292 1208 4341 root-1578
1226 4290 1273 4341 das
1285 4292 1347 4341 Amt
1363 4290 1438 4341 eines

314 4379 453 4444 sthndigen
473 4380 591 4428 Nuntius
609 4394 653 4427 am
670 4377 851 4428 knisorlichen
870 4376 947 4427 Hele.
973 4377 999 4427 S.
1020 4376 1287 4429 Nuntiaturboriehts
1301 4378 1350 4437 111,
1369 4379 1394 4436 2,
1412 4378 1438 4426 4.

315 4468 369 4516 Der
387 4467 593 4531 obengsnannte
611 4466 680 4517 Graf
696 4466 731 4514 ist
747 4464 951 4515 Bartholomllus
969 4464 1069 4527 Fortia,
1092 4464 1256 4529 plipstlicher
1274 4465 1391 4514 Nuntius
1410 4464 1437 4511 in

315 4553 497 4603 Deutschland
518 4553 697 4603 rora-1578.
726 4551 764 4600 Er
781 4551 853 4600 starb
874 4552 948 4599 lois.
977 4550 1003 4600 S.
1023 4550 1289 4601 Nuntiaturberichto
1303 4550 1349 4612 ΙΙΙ,
1371 4552 1393 4608 1,
1413 4554 1437 4599 9.
