3100 5025
266 315 330 379 226

262 506 505 570 difficultatibus
537 509 646 591 cupiat
675 509 800 591 integre
828 527 901 570 cum
925 505 1061 570 dominis
1084 504 1253 571 ordinariis
1276 505 1459 571 secundum

262 632 382 695 equum
398 620 430 673 et
443 609 565 674 bonum
581 609 781 675 reconciliari
798 621 830 673 ct
845 609 1046 675 uniformiter
1058 633 1132 675 cnm
1148 610 1209 674 illis
1225 611 1317 676 sicuti
1333 619 1459 695 oportet

262 717 380 778 sentire
402 735 442 778 ac
464 714 586 778 bonum
609 713 863 778 ecclesiasticum
887 735 1086 798 promovere.
1125 712 1222 780 Unde
1245 716 1309 778 iam
1332 736 1374 778 ex
1398 735 1460 778 sua

262 827 353 903 parte
384 821 553 898 consensit,
585 830 621 882 ut
649 819 714 881 iam
742 820 812 902 ipse
843 827 875 882 et
903 816 1057 882 ordinarii
1080 819 1274 882 constituant
1295 820 1458 903 utrimque

261 931 366 987 certos
390 924 623 988 commissarios
645 925 732 987 viros
754 924 825 1007 pios
847 931 878 986 et
895 921 1014 1004 doctos,
1039 923 1093 1008 qui
1109 943 1219 986 coram
1233 921 1307 987 Ill¹¹¹⁰
1329 921 1360 986 d.
1377 943 1458 985 nun·

261 1027 311 1090 cio
341 1026 514 1110 apostolico
542 1025 749 1090 difficultates
766 1021 954 1111 'praedictas
978 1025 1150 1090 discutiant
1171 1035 1268 1112 atque
1290 1025 1457 1107 ventilent,

261 1139 298 1194 ut
326 1139 462 1215 utraque
489 1152 565 1216 pars
594 1133 665 1194 iura
694 1129 747 1193 vel
777 1129 885 1194 officia
907 1151 966 1194 sua
988 1130 1090 1216 probe
1113 1139 1287 1215 cognoscat
1309 1153 1348 1194 ac
1370 1128 1459 1194 lll²⁸¹

264 1233 294 1297 d.
319 1237 456 1299 nuncius
486 1256 617 1299 causam
646 1242 745 1298 totam
776 1233 830 1298 vel
861 1244 1031 1319 componat
1062 1233 1114 1298 vel
1144 1237 1170 1298 si
1193 1256 1273 1320 opus
1295 1233 1393 1300 fuerit
1414 1235 1458 1301 ad

262 1339 447 1422 pontificem
476 1340 655 1402 maximum
684 1347 849 1423 tamquam
873 1337 916 1402 ad
939 1359 1123 1423 supremum
1146 1340 1178 1402 in
1201 1340 1293 1402 terris
1315 1337 1458 1403 iudicem

262 1441 395 1524 referat3
426 1441 468 1506 ad
499 1452 679 1507 extremum
709 1463 770 1506 nec
800 1441 880 1507 illud
909 1441 970 1506 hoc
1002 1442 1072 1506 loco
1102 1440 1368 1506 dissimulandum
1398 1453 1457 1525 est,

265 1544 351 1630 quod
374 1549 524 1610 nimirum
547 1558 718 1632 postquam
740 1548 965 1632 exequutionis
989 1545 1096 1611 dilatio
1118 1545 1303 1630 petentibus
1319 1545 1458 1610 dominis

262 1650 513 1735 provincialibus
530 1673 684 1717 concessa
706 1652 775 1734 fuit,
799 1673 837 1715 eo
852 1650 948 1716 modo
971 1672 1034 1736 quo
1056 1651 1118 1716 fuit
1139 1651 1218 1716 alias
1241 1651 1460 1735 significatum

262 1775 324 1817 nec
341 1755 528 1819 viderentur
543 1755 586 1819 illi
603 1756 726 1819 confusi
741 1755 794 1819 vel
811 1755 976 1839 humiliati,
992 1755 1072 1821 falso
1087 1764 1317 1841 persuaserunt
1332 1754 1460 1820 civibus

264 1870 296 1922 et
317 1859 498 1945 plebiculae
518 1881 586 1924 rem
602 1863 744 1945 ipsorum
760 1881 832 1923 esse
848 1859 971 1924 salvam
987 1881 1086 1945 seque
1101 1861 1173 1945 plus
1189 1861 1253 1925 iam
1268 1861 1460 1945 impetrasse

265 1985 361 2047 quam
393 1963 581 2027 habuissent
611 1976 706 2028 antea
727 1967 934 2048 ipsorumque
958 1965 1180 2028 concessiones
1203 1965 1267 2027 iam
1290 1985 1361 2027 esse
1384 1983 1460 2027 oon-

262 2068 405 2132 firmatas
435 2068 598 2153 nichilque
627 2072 691 2132 iam
721 2068 854 2153 periculi
884 2089 1054 2153 superesse
1088 2076 1148 2133 etc.
1196 2067 1289 2147 Quae
1323 2065 1457 2153 quidem

263 2175 370 2236 omnia
394 2171 520 2257 aliaque
543 2172 635 2257 plura
650 2173 726 2237 licet
739 2173 910 2236 falsissima
926 2175 1123 2257 scripsersmt
1142 2193 1269 2258 quoque
1284 2171 1459 2256 Viennam,

261 2277 412 2363 Pragam,
443 2277 615 2340 Bavariam
648 2286 680 2340 et
708 2275 749 2340 ad
781 2279 872 2341 varia
898 2277 979 2362 loca,
1010 2288 1046 2340 ut
1068 2279 1113 2340 sic
1134 2279 1255 2361 passim
1278 2275 1461 2340 Lutherani

262 2383 354 2466 quasi
381 2383 611 2465 nescioquam
634 2382 802 2444 victoriam
832 2381 942 2466 adepti
972 2380 1251 2466 triumphaverint,
1283 2379 1461 2444 catholicos

260 2487 426 2568 irriserint,
457 2483 539 2549 adeo
566 2493 689 2550 utnon
711 2483 811 2550 solum
836 2484 925 2549 multi
949 2484 1097 2549 catholici
1119 2485 1181 2548 viri
1202 2505 1321 2571 graves
1344 2481 1401 2549 sed
1426 2494 1463 2549 et

261 2588 406 2674 plerique
437 2610 586 2673 proceres
618 2598 650 2653 et
676 2598 843 2674 magnates
866 2592 898 2653 in
922 2588 1055 2653 Austris
1078 2598 1110 2653 et
1132 2589 1274 2653 Bavaria
1296 2610 1355 2674 per
1376 2590 1462 2652 eius-

261 2691 349 2756 modi
371 2692 555 2758 falsissimos
579 2693 686 2778 populi
708 2692 839 2758 barbari
861 2715 1006 2758 rumores
1027 2695 1060 2757 in
1075 2693 1161 2756 hune
1177 2714 1318 2757 errorem
1334 2692 1463 2757 inducti

262 2796 390 2881 fuerint,
422 2800 512 2881 quasi
536 2797 669 2863 Carolus
700 2796 859 2861 archidux
891 2796 1057 2861 decretum
1087 2818 1180 2861 suum
1210 2806 1396 2861 revocasset
1427 2808 1463 2862 et

262 2904 498 2965 retrocessisset
513 2911 544 2965 et
558 2901 737 2965 haereticos
749 2903 782 2964 in
794 2923 852 2964 sua
864 2901 1000 2986 perfidia
1012 2902 1241 2983 confirmasset,
1259 2922 1332 2965 cum
1347 2910 1459 2965 tamen

262 3004 422 3068 archidux
453 3014 485 3068 et
514 3008 581 3069 eius
610 3005 780 3069 consiliarii
804 3007 919 3069 sintin
943 3004 1003 3068 hiis
1026 3004 1173 3069 omnibus
1196 3006 1460 3085 innocentissimi,

261 3108 337 3172 hinc
358 3108 440 3172 ill¹¹¹¹⁸
465 3108 496 3173 d.
513 3112 649 3173 nuncius
672 3131 723 3194 ap.
740 3107 950 3172 archiducem
972 3108 1122 3173 Austriae
1145 3110 1319 3174 Ernestum
1341 3118 1373 3173 et
1401 3109 1460 3174 du·

262 3235 332 3277 cem
356 3214 517 3277 Bavariae
540 3211 747 3279 Guilielmum
776 3234 836 3299 per
862 3211 970 3277 literas
994 3212 1035 3277 de
1058 3223 1352 3297 rerumgestarum
1375 3217 1460 3278 veri-

261 3328 326 3382 tate
357 3316 528 3403 diligenter
558 3317 749 3401 informavit,
782 3316 868 3403 quod
899 3328 931 3381 et
960 3337 1020 3401 ego
1049 3317 1158 3381 facere
1190 3316 1296 3391 debui,
1327 3328 1393 3383 tam
1425 3320 1461 3383 iu

262 3421 376 3486 urbem
407 3443 504 3506 quam
534 3420 577 3485 ad
606 3421 669 3484 alia
698 3420 835 3507 collegia
864 3430 897 3485 et
918 3419 961 3484 ad
985 3423 1104 3485 amicos
1125 3430 1251 3485 nostros
1273 3420 1459 3488 scribendo.

262 3524 346 3590 Satis
369 3525 444 3588 hinc
468 3524 628 3588 archidux
650 3524 814 3611 affligitur,
845 3524 930 3609 quod
960 3524 1036 3589 hinc
1058 3524 1178 3589 mundo
1201 3522 1359 3610 quidquid
1380 3535 1462 3609 agat

261 3629 447 3692 satisfacere
470 3638 618 3712 nequeat
655 3628 756 3692 Ante
780 3630 932 3693 comitia
963 3627 1180 3693 habebatur
1208 3650 1229 3691 a
1258 3628 1460 3714 plerisque

263 3731 465 3795 catholicis
480 3751 553 3794 non
569 3728 718 3795 zelosus
733 3729 801 3795 sed
823 3731 1092 3817 pusillanimis,
1114 3730 1280 3815 frigidus
1297 3740 1333 3796 et
1348 3734 1461 3818 quasi

262 3842 478 3920 suspectus,
501 3856 546 3898 an
563 3834 724 3901 haberet
741 3837 907 3900 animum
930 3844 994 3899 aut
1015 3834 1250 3901 voluntatem
1274 3834 1460 3901 haereses

263 3937 496 4023 extirpandi.
535 3938 581 4003 Ut
602 3949 711 4003 autem
734 3941 848 4003 animis
870 3938 1035 4004 hominum
1059 3941 1273 4024 suspicionem
1295 3950 1361 4003 tam
1385 3942 1460 4004 sini·

263 4052 361 4106 stram
384 4044 552 4127 eximeret,
576 4042 743 4107 decretum
765 4042 845 4107 illud
867 4043 943 4107 licet
965 4064 1029 4107 non
1052 4045 1139 4107 omni
1161 4064 1205 4107 ex
1227 4052 1317 4129 parte
1333 4043 1461 4128 perfec-

260 4156 330 4209 tum
352 4168 419 4231 pro
441 4146 728 4211 reformationis
758 4132 883 4211 tamen
912 4148 1022 4210 initio
1052 4146 1257 4211 sufficiens
1287 4146 1459 4232 publica·

261 4252 327 4333 vit,
351 4250 478 4315 divinae
494 4254 617 4336 gratiae
633 4252 783 4334 confisus,
804 4250 889 4336 quod
904 4250 1118 4335 provinciales
1135 4261 1243 4315 essent
1257 4250 1461 4335 obtempera·

261 4356 334 4417 turi.
351 4354 473 4419 Verum
490 4378 564 4420 cum
579 4376 631 4421 res
647 4354 740 4420 aliter
754 4354 935 4439 accidisset,
956 4365 992 4419 ut
1006 4357 1155 4419 nimirum
1170 4354 1215 4419 illi
1230 4357 1335 4439 potius
1351 4358 1461 4421 omnia

260 4456 399 4541 perdere
429 4482 527 4545 quam
559 4457 691 4523 obedire
720 4458 840 4523 vellent
871 4468 903 4522 et
932 4458 1093 4523 archidux
1126 4461 1281 4543 impetum
1314 4460 1461 4543 ipsorum

262 4564 463 4646 conprimere
485 4585 549 4628 non
576 4571 694 4648 posset,
726 4564 884 4627 concessit
904 4561 967 4626 illis
990 4563 1248 4647 qualemcunque
1271 4561 1460 4629 dilationem
