3100 5025
1281 288 1347 354 225

139 469 294 536 mandari
316 483 386 536 tuto
409 495 473 536 non
496 485 641 559 possunt,
663 475 817 539 nonnulla
837 485 912 540 sunt
927 475 1104 540 domestica
1119 476 1177 542 sed
1193 499 1256 542 non
1273 501 1345 544 con-

142 573 323 638 temnenda
344 576 498 660 remedia,
528 599 613 662 quae
636 577 789 642 curandis
813 578 862 644 his
884 579 1071 644 vulneribus
1094 580 1254 646 archidux
1277 582 1346 646 Ill¹²¹i

142 675 269 743 domini
298 681 402 744 nuntii
432 690 465 744 et
493 679 627 746 aliorum
657 680 809 748 inductus
839 681 969 748 oonsilio
993 683 1163 770 diligenter
1185 697 1218 750 et
1239 686 1343 752 indies

139 782 301 848 adhibere
331 787 456 868 satagit.
494 785 548 850 Ex
577 784 638 850 illis
660 786 782 872 aliquot
804 785 916 852 ordine
938 787 1126 854 recensebo.
1151 789 1258 854 Vacat
1279 792 1344 856 iam

139 889 175 950 in
199 887 297 954 Stiria
318 891 462 973 supremi
485 891 706 974 capitanaatus
728 890 881 975 officium,
905 890 992 976 quod
1015 902 1087 977 post
1108 894 1287 978 principem
1310 896 1344 959 in

139 993 312 1076 provincia
340 1013 528 1077 supremum
554 1003 612 1072 est,
644 993 774 1078 quando
797 993 928 1080 quidem
951 994 1004 1060 ille
1027 997 1215 1081 capitaneus
1237 996 1343 1063 locum

137 1097 297 1181 principis
327 1097 411 1181 gerit
440 1106 473 1160 et
502 1099 617 1161 ceteris
647 1095 797 1162 omnibus
830 1099 1082 1183 provincialibus
1115 1110 1255 1185 praeest.
1301 1100 1344 1166 Et

139 1201 293 1284 quamvis
312 1199 469 1264 hactenus
490 1199 534 1264 illi
557 1201 717 1286 capitanei
739 1201 860 1266 fuerint
882 1202 1036 1268 haeretici
1058 1214 1090 1268 et
1112 1225 1199 1268 nunc
1221 1203 1342 1269 domini

138 1302 357 1388 provinciales
379 1303 515 1368 multum
535 1303 694 1388 laborant,
716 1315 752 1368 ut
773 1308 865 1370 iuxta
881 1329 1003 1372 morem
1017 1310 1183 1393 antiquum
1200 1329 1283 1372 unus
1299 1331 1342 1372 ex

138 1409 221 1492 ipsis
244 1405 391 1491 eligatur,
420 1407 499 1472 nibil
528 1419 638 1474 umen
659 1408 693 1473 id
716 1419 809 1474 curat
831 1409 1001 1493 archidux,
1032 1413 1087 1497 qui
1109 1411 1205 1497 plane
1228 1416 1341 1478 consti·

137 1514 204 1576 tuit
225 1522 401 1596 sancteque
423 1512 463 1576 R.
479 1511 520 1576 D.
544 1514 663 1578 nuncio
694 1515 850 1598 promisit,
880 1535 915 1578 se
946 1517 1150 1600 capitaneum
1177 1514 1261 1580 velle
1291 1537 1341 1580 ca·

137 1614 298 1680 thelicum
321 1617 528 1698 constituere;
552 1616 638 1702 quod
662 1627 695 1682 et
716 1617 904 1703 propediem
921 1617 1064 1684 creditur
1086 1619 1241 1684 lactums.
1276 1620 1341 1685 De

134 1717 218 1782 inde
232 1719 419 1803 generalem
434 1718 525 1784 dedit
546 1723 802 1786 commissionem
825 1721 856 1786 d.
874 1721 1077 1806 marschallo,
1100 1725 1155 1808 qui
1177 1724 1242 1788 iam
1264 1723 1341 1788 auli·

137 1825 191 1886 cis
214 1834 352 1908 praeest,
376 1845 418 1888 ne
441 1822 594 1908 deinceps
616 1824 717 1890 ullum
739 1824 939 1890 haereticum
968 1824 1027 1890 sed
1059 1825 1231 1891 catholicos
1262 1826 1340 1892 dun-

138 1936 238 1992 taxat
270 1927 384 1993 officiis
417 1927 528 1994 ardicis
562 1929 729 2014 praeficiat
758 1941 792 1994 et
821 1930 1023 1994 Lutheranos
1054 1933 1109 2016 qui
1139 1929 1234 1994 modo
1265 1941 1340 1995 sunt

137 2031 297 2116 paulatim
319 2031 484 2096 eliminare
507 2032 649 2114 studeat;
672 2041 739 2098 tum
760 2035 898 2118 ipsemet
912 2031 1073 2098 archidux
1088 2055 1146 2119 per
1161 2055 1196 2098 se
1213 2043 1245 2098 et
1260 2032 1338 2098 alios

135 2158 201 2222 pro
230 2135 406 2200 maioribus
434 2135 550 2200 officiis
580 2147 612 2201 et
642 2135 851 2222 dignitatibus
885 2136 1038 2202 officiales
1073 2147 1105 2201 et
1138 2137 1335 2202 consiliarios

135 2238 316 2304 catholicos
331 2238 574 2324 diligentissime
590 2242 725 2324 quaerit.
749 2241 927 2326 Supremas
943 2242 1051 2305 curiae
1067 2243 1220 2325 magister
1241 2251 1338 2306 antea

132 2343 246 2408 fuerat
275 2342 458 2407 haereticus
488 2342 546 2408 sed
581 2364 619 2408 eo
650 2342 781 2408 dimisso
811 2343 1002 2410 catholicum
1033 2347 1098 2407 iam
1129 2343 1228 2409 habet
1258 2366 1336 2430 prae

133 2446 298 2514 manibus.
326 2447 481 2515 Gamerae
496 2457 685 2534 procurator
701 2457 770 2513 erat
785 2447 1002 2531 Lutheranus,
1026 2447 1132 2513 sedin
1149 2449 1216 2513 eius
1232 2447 1337 2513 locum

134 2551 335 2617 catholicum
364 2555 429 2619 iam
458 2552 605 2617 sufficiet.
651 2552 707 2617 Ad
740 2552 907 2618 excelsum
941 2556 1085 2638 regimen
1117 2552 1240 2639 aliquot
1272 2559 1337 2617 iam

132 2656 312 2722 catholicos
333 2655 573 2721 discedentibus
589 2656 786 2721 Lutheranis
809 2659 979 2743 promovit,
1001 2656 1111 2743 plures
1134 2654 1337 2722 adhibiturus

132 2760 323 2843 catholicos,
354 2759 459 2825 donec
485 2762 630 2846 regimen
653 2769 753 2825 totum
777 2759 884 2846 quoad
908 2762 976 2825 eius
998 2761 1067 2825 fieri
1091 2763 1207 2847 poterit
1230 2758 1336 2825 catbc

131 2865 236 2929 licum
268 2864 397 2929 evadat.
443 2864 610 2929 Medicum
643 2864 837 2929 catholicum
870 2886 974 2951 nuper
1007 2863 1150 2949 admisit,
1188 2866 1271 2929 sicut
1304 2875 1337 2929 et

130 2968 216 3033 alios
247 2967 400 3033 officiales
430 2968 548 3055 plures,
580 2979 612 3032 ot
642 2985 717 3033 cum
739 2991 803 3033 non
826 2970 926 3054 possit
947 2967 1041 3033 modo
1065 2972 1141 3033 satis
1165 2967 1336 3033 minasset

130 3071 269 3137 idoneos
298 3075 385 3137 viros
415 3094 474 3157 pro
503 3075 569 3137 suis
599 3072 739 3137 consiliis
768 3074 923 3159 reperire,
958 3071 1104 3137 decrevit
1138 3071 1259 3157 aliquot
1288 3074 1333 3135 in-

131 3178 294 3261 signiores
316 3178 451 3241 iuvenes
474 3179 529 3262 qui
551 3175 687 3241 litoralia
709 3177 817 3241 studia
839 3179 903 3241 iam
926 3176 1136 3241 absolverunt
1149 3178 1181 3240 in
1198 3176 1334 3241 iuridica

130 3278 288 3345 facultate
310 3303 369 3366 per
390 3280 512 3365 aliquot
533 3302 635 3346 annos
657 3280 778 3363 fovere,
803 3281 906 3345 donec
928 3302 1004 3345 cum
1027 3278 1212 3344 doctoratus
1227 3278 1332 3364 gradu

130 3384 349 3449 sufficientem
371 3383 550 3449 doctrinam
571 3394 605 3449 et
632 3385 872 3470 experienciam
903 3385 1091 3469 consequuti
1121 3384 1244 3469 possint
1272 3381 1332 3447 hiis

129 3489 309 3573 provinciis
332 3490 454 3553 servire
477 3498 575 3573 atque
597 3487 761 3574 prodesse.
800 3488 938 3573 Insuper
960 3485 1004 3551 ad
1026 3488 1210 3552 instantiam
1233 3486 1271 3549 R.
1287 3486 1330 3550 D.

129 3592 245 3655 nuncii
273 3591 439 3676 apostolici
468 3590 615 3655 decrevit
644 3594 710 3656 iam
741 3590 889 3655 omnibus
919 3592 1158 3677 provinciarum
1181 3589 1332 3676 praelatis

129 3708 166 3759 et
197 3694 346 3780 parochis
376 3693 529 3777 scribere,
559 3705 595 3758 ut
623 3696 716 3759 iuxta
746 3694 872 3759 concilii
894 3692 1074 3759 Tridentini
1096 3695 1331 3779 praescriptum

129 3800 305 3885 quisquam
335 3819 393 3883 pro
416 3820 475 3863 sua
504 3797 658 3863 facultate
688 3798 797 3863 foveat
830 3798 976 3863 alumnos
1010 3799 1043 3861 in
1077 3796 1139 3861 hoc
1168 3797 1330 3881 pontificio

129 3904 319 3984 seminario,
350 3901 437 3988 quod
465 3903 528 3967 hac
557 3906 681 3967 ratione
709 3902 847 3967 multum
876 3900 919 3965 ad
949 3901 1064 3965 harum
1092 3901 1331 3986 provinciarum

129 4006 302 4071 utilitatem
325 4017 458 4071 crescet.
490 4007 533 4071 Et
554 4008 707 4092 quoniam
728 4009 812 4071 inter
834 4008 940 4091 ipsum
962 4002 1172 4069 archiducem
1194 4014 1227 4069 et
1249 4002 1331 4068 ordi-

127 4112 238 4175 naries
260 4109 496 4175 ecclesiasticos
518 4109 674 4174 hactenus
698 4113 785 4174 circa
807 4108 1059 4173 iurisdictionem
1079 4107 1331 4173 ecclesiasticam

128 4236 250 4300 paves
280 4212 442 4298 quaedam
471 4213 679 4279 difficultates
705 4223 738 4278 et
760 4215 853 4298 quasi
875 4210 1051 4277 simultates
1074 4211 1211 4293 fuerant,
1243 4207 1330 4295 quod

128 4317 185 4383 ille
206 4316 386 4383 ordinarios
408 4318 635 4403 negligentiae,
658 4316 692 4381 hi
715 4318 856 4381 vicissim
878 4316 968 4381 illum
990 4314 1260 4401 praesumptionis
1283 4335 1330 4377 ar·

127 4432 279 4507 gnorent,
302 4443 386 4506 quae
401 4442 454 4485 ras
469 4420 591 4487 bonum
605 4420 767 4506 religionis
783 4429 903 4485 statum
917 4419 969 4485 vel
986 4440 1172 4483 successum
1194 4416 1330 4480 multum

126 4524 311 4610 impedivit,
334 4523 466 4590 tandem
487 4523 520 4589 id
544 4524 696 4588 effectum
719 4534 778 4607 est,
802 4532 837 4587 ut
859 4521 1020 4587 archidux
1043 4522 1157 4585 amotis
1173 4516 1329 4583 eiusmodi

181 4635 294 4679 rouen.
315 4634 420 4677 ἰωή.
440 4635 478 4676 Bt.
487 4636 513 4677 1..
1142 4626 1173 4673 lt
